3532 5038
757 833 954 908 Vita.

262 1076 284 1083 -
387 1038 486 1097 Natus
517 1057 585 1096 sum
620 1039 756 1095 Ioannes
790 1036 938 1093 Emestus
955 1013 1118 1092 ¹Kircbner
1149 1055 1175 1095 a.
1202 1039 1232 1095 d.
1257 1037 1314 1095 VII
1340 1039 1408 1098 Kal.

307 1141 383 1200 Nov.
412 1143 485 1198 anni
511 1141 539 1202 h.
563 1159 586 1200 s,
613 1140 682 1197 LIX
713 1140 817 1196 Revali
849 1138 1056 1196 Estbonorum
1091 1137 1175 1213 patre
1206 1140 1283 1196 lulio
1313 1150 1408 1197 matre

305 1243 398 1319 Molly
432 1261 449 1299 e
479 1251 571 1318 gente
600 1241 706 1311 Koch,
749 1242 860 1317 quibus
898 1240 1001 1296 adbuc
1028 1242 1239 1314 superstitibus
1272 1244 1406 1317 gaudeo.

305 1345 417 1401 Fidem
441 1344 586 1418 profiteor
614 1343 830 1416 evangelicam.
880 1341 1063 1398 Litterarum
1090 1343 1250 1400 elementis
1274 1345 1409 1402 imbutus

311 1447 386 1502 inde
407 1446 446 1502 ab
468 1463 550 1502 anno
570 1443 683 1501 LXVII
704 1445 854 1519 gymnasii
877 1443 918 1501 St.
940 1445 1050 1500 Annae
1070 1443 1300 1518 Petropolitani,
1322 1448 1408 1520 quod

306 1555 391 1621 patre
433 1549 589 1604 carissimo
632 1547 792 1606 directore¹
823 1545 984 1620 hucusque
1016 1546 1117 1615 floret,
1149 1547 1319 1620 discipulus
1356 1546 1407 1604 lui.

307 1651 464 1706 Autumno
477 1650 551 1705 anni
563 1647 698 1716 LXXIV,
719 1649 830 1705 Russia
851 1649 964 1717 relicta,
986 1649 1017 1704 in
1041 1666 1202 1704 numerum
1214 1649 1407 1706 alumnorum

305 1750 429 1809 scholae
458 1753 562 1825 regiae
587 1750 742 1808 Portensis
763 1758 905 1824 receptus
924 1767 1005 1819 sum,
1034 1751 1120 1807 cuius
1146 1751 1309 1825 disciplina
1329 1749 1409 1806 fruc-

304 1855 481 1911 tuosissima
514 1872 569 1927 per
601 1854 738 1927 quinque
769 1870 869 1908 annos
906 1861 937 1908 et
972 1870 1024 1908 sex
1056 1870 1180 1909 menses
1224 1871 1298 1910 usus
1330 1871 1407 1909 sum.

304 1953 487 2011 Maturitatis
518 1956 697 2011 testimonio
724 1956 859 2012 munitus
879 1972 949 2010 vere
977 1955 1050 2011 anni
1071 1953 1195 2024 LXXX,
1225 1962 1258 2011 ut
1278 1954 1408 2028 philolo-

305 2058 375 2130 giae
387 2075 513 2131 operam
526 2058 641 2126 darem,
663 2055 759 2112 Halas
776 2055 932 2112 Saxonum
945 2074 994 2112 me
1009 2056 1133 2112 contuli.
1164 2057 1321 2112 Autumno
1335 2057 1407 2111 anni

305 2160 495 2234 insequentis
529 2159 592 2214 adii
624 2159 734 2215 almam
766 2158 924 2216 Musarum
957 2161 1064 2215 sedem
1101 2157 1316 2226 Bonnensem‚
1355 2159 1407 2214 ubi

306 2278 375 2316 curn
400 2262 465 2317 duo
494 2262 651 2318 semestria
673 2270 879 2317 commoratus
901 2278 1018 2328 essem,
1045 2259 1140 2316 Halas
1168 2260 1259 2328 redii,
1287 2277 1349 2333 qua
1375 2261 1408 2315 in

304 2363 500 2418 universitate
527 2380 625 2437 usque
653 2364 694 2419 ad
718 2363 779 2419 hoc
804 2371 924 2436 tempus
950 2371 1087 2420 versatus
1108 2381 1184 2420 sum.
1226 2361 1408 2418 Docuerunt

304 2481 353 2519 me
374 2464 428 2519 viri
444 2463 648 2521 illustrissimi:
669 2463 846 2533 Buecheler,
866 2464 1030 2534 Luebbert,
1052 2463 1406 2533 Neuhaeuser,Usener

306 2563 504 2634 Bonnenses;
525 2564 749 2641 Dittenberger,
769 2565 956 2635 Duemmler,
977 2566 1146 2635 Erdmann,
1169 2565 1277 2640 Haym‚
1300 2565 1408 2622 Hertz-

303 2666 392 2740 berg,
418 2665 639 2741 Heydemann,
673 2667 783 2737 Hiller,
814 2667 897 2739 Keil,
925 2668 1048 2736 Krohn,
1082 2668 1263 2736 Neumann,
1293 2667 1406 2723 Schum

304 2767 465 2826 Halenses.

384 2869 543 2926 Seminarii
562 2871 788 2946 philologorum
801 2871 944 2930 Halensis
964 2891 1018 2947 per
1039 2891 1144 2942 unum,
1167 2871 1341 2928 Bonnensis
1353 2888 1407 2944 per

305 2971 371 3026 duo
395 2973 553 3028 semestria
575 2973 691 3030 sodalis
713 2972 756 3029 lui
771 2975 953 3031 ordinarius.
995 2973 1037 3030 Ut
1057 2976 1089 3030 in
1110 2974 1289 3030 societatem
1308 2973 1406 3046 pbilo-

304 3071 434 3145 logicam
463 3075 623 3148 reciperer,
646 3074 737 3131 Keilii
757 3076 946 3150 benignitate
967 3076 1040 3132 mibi
1067 3077 1203 3149 contigit.
1244 3073 1407 3131 Praeterea

303 3171 481 3231 Duemmler
502 3177 543 3232 ad
565 3178 762 3234 seminarium
784 3176 961 3234 historicum
982 3197 1031 3234 me
1053 3179 1184 3246 admisit,
1206 3185 1239 3232 ut
1260 3178 1406 3233 exercita·

304 3277 440 3333 tionibus
460 3279 523 3334 suis
540 3278 719 3335 interessem
732 3279 996 3354 palaeographicis
1016 3288 1046 3335 et
1067 3279 1271 3354 diplomaticis
1283 3277 1406 3347 Schurn,

305 3375 457 3434 historicis
469 3377 635 3434 Neumann
649 3381 782 3452 benigne
795 3389 1025 3436 concesserunt.
1046 3379 1168 3450 Quibus
1179 3382 1248 3436 viris
1263 3381 1406 3436 omnibus

207 3543 209 3548 Ι
305 3479 415 3550 gratias
442 3497 502 3552 ago
525 3481 659 3549 debitaS,
689 3483 825 3554 inprimis
853 3501 924 3538 vero
946 3481 1153 3555 Dittenbergi,
1177 3481 1292 3547 Hilleri,
1315 3481 1406 3538 Keilii

305 3595 426 3654 semper
445 3588 532 3654 grato
554 3583 668 3656 pioque
690 3585 794 3639 animo
818 3584 916 3639 colam
938 3585 1125 3644 memoriam.
1355 3587 1359 3594 '
