3532 5038
896 397 913 456 7

269 553 276 564 ’
351 559 527 646 ἀντίγραφον
554 559 606 620 καὶ
626 553 680 627 τὴν
701 551 857 644 πρὸρλησιν
878 552 995 627 ταύτην
1011 557 1131 632 καὶτὰς
1146 561 1306 643 μαρτυρίας
1319 562 1456 638 ταυταςί,

351 661 417 746 παρ’
443 657 483 735 οἷς
505 666 536 722 αἱ
560 651 699 730 διαθῆκαι
725 662 862 720 κεῖνται.ι
904 663 945 720 Ut
969 665 1060 738 igitur
1080 665 1111 722 in
1141 673 1216 726 orat.
1238 661 1350 724 XXXV
1379 668 1457 726 fides

352 766 559 843 syngraphae,
594 766 636 823 ita
671 766 703 822 in
731 773 806 824 or'at.
841 765 968 822 XXXVI
1003 768 1176 830 testamenti
1202 769 1398 826 confirmatur
1427 779 1457 827 et

353 869 533 927 auctoritate
549 867 638 935 illinc,
659 867 743 941 apud
760 885 851 942 quem
863 867 1040 941 depositum
1051 867 1139 924 erat2
1160 877 1191 926 et
1213 869 1461 943 provocatione,3

352 988 431 1046 quae
461 970 563 1026 locum
586 967 706 1026 obtinet
725 968 908 1037 testimonii,
940 985 1010 1024 curn
1037 977 1071 1024 ut
1090 970 1211 1026 videtur
1238 972 1311 1028 nulli
1337 990 1369 1029 re
1390 991 1461 1030 vera

351 1079 463 1140 essent,
484 1071 545 1146 qui,
567 1087 637 1127 cum
659 1077 874 1127 testamentum
894 1070 1083 1139 scriberetur,
1106 1070 1261 1129 adessent.

433 1172 538 1240 Porro,
560 1170 647 1246 quod
669 1170 903 1228 Westermauno
931 1188 1033 1228 rursus
1056 1171 1220 1229 offensioni
1244 1182 1299 1243 est,
1323 1193 1360 1231 ne
1385 1175 1460 1232 illud

351 1275 478 1351 quidem
499 1274 608 1331 mirum
630 1271 703 1328 mihi
731 1271 864 1341 videtur,
893 1272 980 1346 quod
1000 1290 1175 1348 quanquam
1196 1275 1253 1331 sub
1275 1276 1366 1332 finem
1391 1295 1460 1351 syn-

351 1376 485 1452 graphae
506 1381 627 1432 exstant
650 1374 777 1430 nomina
797 1373 929 1442 testium,
950 1375 1123 1431 eorundem
1134 1377 1343 1434 testimonium
1354 1395 1458 1436 rursus

351 1479 502 1536 recitatur.
544 1475 666 1550 Nempe
680 1492 748 1532 curn
772 1475 804 1530 in
827 1473 998 1549 syngrapha
1021 1475 1078 1531 tria
1099 1479 1316 1535 tantummodo
1338 1480 1460 1538 testium

353 1580 483 1638 nomina
502 1585 634 1648 exstent,
656 1578 688 1634 in
709 1575 769 1634 hoc
789 1577 966 1633 testimonio
988 1577 1124 1652 quinque
1145 1589 1367 1650 memorantur,
1397 1600 1459 1658 quo

350 1683 450 1757 magis
472 1681 589 1738 scilicet
610 1679 653 1736 rei
675 1679 752 1736 fides
772 1686 803 1735 et
824 1679 988 1736 auctoritas
1011 1678 1151 1737 firmetur.

436 1782 558 1854 Quibus
584 1782 627 1838 ita
653 1780 831 1854 disputatiS,
858 1797 938 1854 quae
959 1779 1211 1839 Westennannus
1237 1793 1460 1841 commentatus

351 1893 413 1954 est,
451 1885 493 1942 ad
524 1882 651 1940 nihilum
688 1883 883 1955 rediguntur,
919 1899 1010 1956 quem
1045 1900 1115 1939 cum
1152 1885 1291 1957 graviora
1322 1884 1458 1959 prolerre

352 1994 487 2062 nequeat
507 1986 548 2042 ad
563 1985 707 2042 minutias
729 1992 821 2057 atque
841 1984 976 2058 argutias
998 1983 1167 2060 confugere
1181 1987 1330 2044 videmus.
1372 1987 1460 2060 Quo·

352 2107 418 2145 rum
447 2089 479 2144 in
500 2105 629 2144 numero
651 2085 712 2142 hoc
733 2103 857 2160 quoque
879 2087 1106 2142 numerandum
1136 2089 1290 2162 estquod
1316 2090 1394 2146 inter
1426 2107 1459 2147 se

351 2207 489 2266 pugnare
511 2189 587 2246 dicit
608 2188 772 2245 lectionem
794 2187 983 2263 syngraphae
1007 2196 1038 2245 et
1065 2189 1276 2246 testimonium
1297 2190 1456 2249 Archeno·

351 2294 457 2350 midis:
487 2292 539 2367 qui
568 2308 638 2348 cum
665 2295 682 2362 g
709 2307 744 2363 14
771 2295 898 2347 testetur
924 2291 1100 2346 etiamnunc
1126 2291 1210 2365 apud
1233 2291 1335 2365 ipsum
1360 2293 1459 2368 depo-

354 2395 441 2451 sitam
463 2411 531 2450 esse
553 2391 755 2468 syngrapham
775 2388 845 2472 (παῤ
865 2385 949 2468 αὐτῷ
971 2390 1015 2448 ἔτι
1039 2387 1192 2470 κειμένην),
1214 2398 1230 2468 ξ
1248 2411 1283 2451 10
1306 2395 1365 2452 iam
1389 2414 1459 2472 syn·

355 2493 501 2571 grapham
522 2496 620 2570 ipsam
642 2493 790 2569 prolatam
812 2511 889 2552 esse.
932 2493 1021 2566 Quae
1034 2494 1208 2565 difficultas,
1229 2496 1362 2553 simodo
1377 2498 1458 2555 diffl-

355 2597 450 2654 cultas
472 2595 616 2671 appellari
637 2605 754 2671 potest,
781 2597 888 2653 nescio
916 2615 955 2653 an
985 2596 1124 2654 facillime
1157 2599 1352 2672 expediatur;
1379 2617 1458 2675 quo-

351 2701 434 2756 niam
461 2699 543 2756 enim
575 2707 696 2756 constat
723 2717 788 2756 non
811 2717 874 2771 uno
899 2699 951 2756 die
980 2701 1084 2756 omnia
1115 2699 1173 2756 litis
1199 2688 1401 2758 iustrumenta
1425 2703 1458 2758 in

351 2800 493 2858 echinum
515 2801 658 2858 coniecta
684 2818 752 2858 esse
775 2802 831 2858 sed
853 2819 907 2876 per
929 2808 1027 2858 totum
1052 2810 1173 2876 tempus
1195 2796 1372 2883 ἀνακρίσεως
1396 2802 1456 2862 hoc

351 2904 413 2960 fieri
436 2903 585 2960 sollemne
608 2900 733 2972 suisset
761 2901 845 2959 haud
872 2904 967 2960 dubie
994 2912 1079 2961 actor
1107 2905 1139 2960 in
1164 2903 1251 2959 initio
1280 2897 1456 2979 ἀνακρίσεως

353 3003 413 3060 hoc
445 3003 655 3060 testimonium
685 3004 724 3060 ab
751 3003 979 3062 Archenomide
1010 3005 1153 3080 petierat,
1187 3022 1258 3060 cum
1284 3001 1456 3079 syngrapha

350 3106 507 3162 etiamtum
547 3107 630 3181 apud
662 3107 762 3180 ipsum
793 3114 889 3174 esset,
923 3124 1014 3181 quam
1040 3115 1150 3182 postea
1179 3107 1304 3162 demum
1332 3105 1456 3180 reliquis

351 3205 487 3265 formulis
510 3208 683 3283 appositam
704 3225 773 3265 esse
796 3208 1033 3265 existimandum
1060 3209 1124 3266 erit.

430 3308 575 3384 Denique
596 3309 668 3366 mihi
690 3311 730 3366 de
752 3310 930 3366 nominibus
953 3311 1078 3371 testium
1087 3328 1187 3384 pauca
1209 3311 1327 3367 addere
1355 3310 1453 3368 liceat.

350 3409 386 3466 ln
409 3411 585 3467 universum
607 3409 667 3466 hoc
694 3419 899 3485 praemoneo,
930 3413 1055 3470 minime
1085 3431 1134 3469 me
1162 3413 1301 3470 assentiri
1323 3411 1456 3469 Wester-

350 3529 482 3582 manno,
506 3513 557 3588 qui
587 3513 692 3568 omnia
717 3513 906 3581 testimonia,
935 3515 967 3570 in
996 3515 1106 3590 quibus
1130 3516 1253 3572 testium
1278 3512 1455 3570 nominibus

350 3631 467 3675 nomen
494 3614 588 3688 patris
619 3615 752 3690 pagique
787 3633 853 3672 non
883 3616 1024 3673 additum
1058 3625 1119 3687 est,
1158 3616 1358 3692 suppositicia
1384 3632 1453 3672 esse

350 3714 537 3776 contendit.⁵
577 3716 658 3774 Nam
680 3726 712 3774 ut
734 3719 766 3774 in
788 3718 881 3776 titulis
902 3719 1031 3793 publicis
1043 3718 1276 3776 Atheniensium
1296 3725 1360 3774 tum
1382 3716 1453 3774 sim·

419 3986 430 4024 ¹
449 3991 509 4040 vide
528 3991 606 4040 huius
625 3991 694 4056 disp.
714 4008 740 4056 p.
763 4003 804 4040 22.

420 4073 432 4113 2
452 4079 487 4127 ci.
508 4079 595 4138 XLV,
621 4090 660 4139 19,
680 4079 727 4128 ubi
746 4087 926 4142 argumentum
943 4080 1015 4130 illius
1035 4081 1181 4130 testimonii
1200 4080 1305 4144 legitur.

419 4161 433 4200 3
451 4165 645 4227 Argumentum
663 4165 740 4214 hurus
755 4167 955 4232 provocationis
976 4176 1061 4217 exstat
1080 4169 1107 4216 in
1126 4176 1192 4217 orat.
1213 4168 1300 4226 XLV,
1320 4169 1344 4217 8.

418 4249 431 4287 ⁴
451 4251 538 4301 Meier
557 4252 610 4301 und
630 4252 788 4303 Schiimann.
826 4255 881 4304 Der
900 4263 947 4304 att.
967 4257 1047 4304 Proc.
1067 4272 1094 4322 p.
1116 4257 1175 4317 691.

418 4336 467 4388 ⁶1.
487 4354 510 4388 c.
530 4355 557 4406 p.
582 4341 623 4405 63.
