3532 5038
891 405 927 450 10

355 570 531 644 putabimus
563 570 691 625 nomina
720 570 843 644 propria
868 570 1047 642 saepissime
1075 587 1135 644 per¹
1157 572 1344 645 compendia
1374 574 1463 644 scribi

355 671 446 728 solita
468 689 545 728 esse.

459 771 526 849 Jam
549 772 590 828 ad
612 782 824 846 argumentum
851 773 1096 830 testimoniorum
1120 781 1320 832 transeamus.
1363 776 1461 852 Atque
1516 787 1521 796 '

331 885 333 892 ’
357 893 427 932 cum
456 876 486 930 in
514 872 686 948 syngrapha
715 871 796 931 lacta
824 881 907 932 esset
934 874 1051 948 pactio,
1080 881 1113 930 ut
1139 893 1174 930 ex
1202 867 1320 949 oppido
1347 875 1461 934 Mende

353 977 489 1052 quinque
512 975 594 1031 milia
615 975 764 1032 cadorum
786 976 847 1031 vini
869 977 1101 1050 imponerentur
1118 977 1150 1032 in
1165 985 1283 1046 navem,
1302 979 1362 1034 iam
1378 987 1464 1035 actor

358 1097 397 1135 ne
419 1079 605 1153 quingentos
634 1077 760 1151 quidem
787 1078 885 1134 cados
912 1077 1073 1152 impositos
1099 1096 1168 1136 esse
1195 1057 1356 1135 contendit
1377 1076 1403 1155 (5
1429 1097 1463 1156 19

356 1167 425 1238 οὐδὲ
444 1168 625 1236 πεντακόσια
645 1167 771 1256 κεράμια
793 1177 833 1246 εἰς
853 1169 889 1235 τὸ
910 1177 1010 1236 πλοῖον
1031 1173 1189 1256 ἐνέθεντο),
1210 1181 1298 1237 cuius
1319 1181 1362 1237 rei
1380 1183 1463 1238 testi-

353 1282 494 1339 ficandae
526 1299 620 1338 causa
655 1281 830 1338 testimonia
855 1279 997 1338 Erasiclis
1030 1281 1243 1354 gubernatoris
1272 1289 1302 1338 et
1328 1281 1461 1357 Hippiae

320 1407 325 1415 ·
353 1384 535 1458 inspectoris
557 1383 641 1439 navis
662 1381 780 1438 recitari
799 1381 892 1438 iubet.

434 1482 491 1541 Cui
513 1483 556 1540 rei
577 1483 620 1552 id,
642 1484 726 1558 quod
749 1489 899 1540 testantur
919 1490 1023 1552 testes,
1045 1485 1159 1557 optime
1171 1486 1356 1558 respondet5
1378 1493 1460 1542 uter·

357 1604 418 1662 que
439 1587 521 1642 enim
551 1583 681 1642 affirmat
702 1585 944 1659 quadringentos
965 1577 1189 1659 quinquaginta
1210 1586 1307 1642 cados
1329 1593 1461 1643 tantum·

353 1689 452 1745 modo
474 1706 543 1744 esse
565 1687 735 1760 impositos,
756 1693 914 1760 praeterea
935 1685 1017 1742 nihil.

438 1789 535 1860 Quod
567 1787 818 1845 Westermannus
853 1786 991 1861 disputat
1027 1786 1069 1844 de
1107 1788 1285 1845 nominibus
1318 1745 1461 1872 Erasiclis

356 1899 386 1948 et
420 1891 573 1966 Hyblesii‚
607 1890 718 1965 quibus
747 1906 812 1945 non
834 1889 975 1944 additum
1009 1889 1046 1945 sit
1074 1891 1162 1946 notio
1192 1891 1285 1964 patris
1317 1893 1460 1967 pagique‚

353 2012 417 2050 non
445 2002 491 2050 est
517 2011 571 2050 cur
596 1993 703 2048 denuo
729 1989 872 2059 refutem,
905 2007 975 2046 cum
1002 1989 1059 2047 hac
1086 1992 1127 2048 de
1151 2009 1183 2047 re
1212 1992 1287 2066 quid
1315 1994 1458 2050 sentirem

352 2096 413 2152 iam
441 2096 473 2151 in
498 2094 551 2163 iis,
587 2111 666 2169 quae
693 2093 896 2162 antecedunt,
928 2093 1000 2149 satis
1021 2092 1115 2149 multa
1136 2092 1227 2149 verba
1253 2092 1326 2149 mihi
1348 2092 1457 2151 secisse

352 2198 465 2258 videar.

437 2297 784 2358 Testimoniis'accedit
810 2296 898 2353 tertio
927 2297 997 2352 loco
1024 2291 1219 2376 ἐκμαρτυρία,
1245 2297 1277 2352 id
1303 2305 1349 2352 est
1375 2291 1459 2353 testi·

356 2401 495 2456 monium
507 2417 625 2468 eorum,
647 2401 699 2474 qui
709 2399 818 2456 morbo
828 2399 878 2455 'vel
890 2400 999 2456 itinere
1020 2398 1159 2472 impediti
1178 2407 1273 2468 erant,
1295 2385 1460 2473 quominus

354 2501 411 2576 ipsi
428 2502 512 2575 apud
533 2502 654 2557 iudices
676 2501 886 2558 testimonium
898 2501 1046 2558 dicerent.
1089 2498 1229 2570 Quorum
1252 2501 1461 2558 testimonium

354 2620 426 2660 cum
453 2620 532 2677 opus
560 2610 642 2659 esset
669 2606 753 2676 apud
783 2605 903 2660 iudices
931 2601 1102 2659 confirmari
1128 2618 1147 2657 a
1173 2603 1374 2677 quibusdam,
1407 2605 1458 2678 qui

355 2723 424 2761 eum
450 2704 638 2762 scribebatur
664 2704 821 2775 aderant,¹
853 2704 913 2761 hoc
939 2705 1011 2780 quia
1032 2702 1091 2759 hoc
1112 2703 1182 2760 loco
1202 2722 1267 2762 non
1288 2705 1340 2775 fit‚.
1366 2704 1459 2762 West.
1493 2720 1495 2724 ·

354 2815 449 2864 totam
485 2802 680 2886 ἐκμαρτυρίαν
716 2807 816 2864 fictam
851 2806 1024 2881 nulliusque
1061 2807 1148 2880 pretii
1186 2824 1255 2863 esse
1288 2801 1457 2864 contendit.

354 2907 425 2981 Qua
446 2910 478 2966 in
499 2927 531 2966 re
553 2906 653 2966 faeere
676 2927 740 2966 non
761 2926 889 2984 possum
911 2909 985 2983 quin
1011 2925 1029 2964 a
1048 2909 1113 2963 ‘viro
1136 2902 1317 2965 doctissimo
1339 2909 1459 2966 dissen-

352 3013 434 3071 tiam.
475 3009 622 3068 Libenter
648 3012 773 3086 quidem
801 3010 973 3068 concedam
997 3009 1176 3084 plerumque
1198 3005 1393 3088 ἐκμαρτυρίαν
1420 3009 1458 3066 ab

356 3113 422 3170 aliis
452 3113 624 3170 confirmari
652 3113 736 3186 apud
768 3113 887 3169 iudices
910 3129 1039 3168 necesse
1063 3109 1158 3167 fuisse
1176 3127 1300 3183 remque
1322 3111 1364 3166 ita
1382 3119 1460 3166 trac·

355 3223 449 3271 tatam
471 3233 540 3274 esse
562 3215 679 3272 locus
671 3233 703 3271 m
724 3213 885 3271 Aeschinis
907 3222 981 3272 orat.
1015 3214 1056 3270 de
1078 3211 1153 3309 salsa
1178 3211 1332 3285 legatione
1361 3212 1460 3267 docu-

356 3324 461 3373 mento
482 3326 541 3387 est;
563 3317 691 3391 legimus
718 3317 843 3392 quidem
864 3321 880 3390 ξ
904 3333 951 3392 19:
976 3313 1028 3374 καὶ
1054 3312 1100 3374 ὃτι
1116 3283 1213 3370 ταῦτ’
1242 3308 1320 3370 ἐστιν
1346 3305 1459 3382 ἀληθῆ,

355 3414 433 3495 λαβέ
398 3416 499 3496 ppos
508 3437 551 3476 τα
538 3410 741 3498 ψηφίσματα
755 3414 807 3475 καὶ
819 3436 874 3494 τρν
887 3413 1081 3497 ἐκμαρτυρίαν
1095 3406 1250 3497 ἀνάμωθι
1264 3407 1319 3481 τὴν
1331 3409 1381 3493 Ἀρ
1382 3431 1460 3472 ιστο-

356 3509 460 3600 δημου,
481 3517 532 3578 καὶ
551 3511 679 3578 κάλει.
660 3513 728 3600 πρὸς
749 3517 797 3589 οὓς
819 3511 1095 3600 ἐξεμαρτύρησενᾙ
1085 3539 1109 3575 ιν
1107 3506 1253 3575 ἐἰδῶσιν
1273 3503 1459 3574 οἰδικασταί.

434 3623 585 3680 Secuntur
606 3623 760 3680 lemmata:

461 3719 732 3782 ΨΗΦΙΣΜΑΤΑ.
776 3712 1072 3780 EKMAPTTPIA.
1114 3662 1350 3776 MAPlTPlA.

435 3826 498 3883 Sed
518 3825 599 3883 hanc
621 3821 815 3906 ἐκμαρτυρίαν
823 3815 1124 3880 Demosthenrcam
1116 3838 1149 3876 rn
1166 3821 1306 3876 oratione
1319 3819 1460 3878 Lacritea

354 3947 478 4005 prorsus
500 3929 561 3985 alio
582 3929 680 3986 modo
703 3935 911 4004 comparatam
934 3941 1003 3981 esse
1025 3931 1118 3998 atque
1141 3921 1223 3978 illam
1245 3921 1459 3993 Aeschineam,

352 4032 487 4106 inquam
504 4031 633 4088 maxime
649 4030 741 4087 verba
755 4029 834 4086 Isaei
847 4044 938 4101 supra
950 4025 1076 4082 laudata
1087 4024 1211 4096 cadunt,
1233 4023 1305 4082 mihi
1319 4026 1459 4082 animad-

355 4141 471 4190 vertere
493 4133 590 4190 liceat.
633 4131 713 4189 Nam
735 4149 805 4188 cum
824 4129 902 4188 haec
923 4121 1102 4207 ἐκμαρτυρία
1122 4125 1372 4198 Demosthenica,
1394 4134 1457 4184 arte

356 4271 554 4286 —..,...-.

426 4357 491 4416 les.
511 4361 545 4412 1s.
565 4360 658 4422 111‚2o.
695 4341 771 4410 nem.
792 4356 914 4414 xnvm
934 4369 974 4424 sq.
