3532 5038
877 397 896 456 6

336 583 411 640 locis
427 581 537 638 lemma
547 581 589 636 ad
600 580 642 648 id,
664 580 749 654 quod
761 579 928 653 praecedit,
948 585 1010 635 arte
1022 580 1257 636 accommodare
1269 577 1278 620 1
1290 579 1440 642 videmus,

336 683 510 758 insequenti
548 682 724 738 testimonio
764 681 911 754 adposuit
949 674 1184 737 MAPTTPIA.
1239 679 1312 736 Non
1349 681 1442 754 igitur

336 785 489 842 assentior
514 783 748 840 Westermanno
779 800 855 839 voce
884 776 1123 839 MAPTTPIAI
1155 800 1249 856 posse
1278 782 1441 857 significari

337 904 433 943 unum
454 885 679 953 testimonium,
708 885 739 940 in
768 901 829 959 quo
858 883 1031 958 complures
1061 882 1202 940 homines
1226 890 1372 941 testantes
1394 884 1441 940 in-

336 991 506 1057 ducuntur;
536 987 622 1062 quod
644 987 669 1043 si
693 985 733 1054 fit,
755 985 839 1059 apud
854 984 1096 1042 Demosthenem
1113 1003 1233 1059 semper
1255 986 1440 1059 singularem

338 1107 499 1147 numerum
518 1087 716 1147 inventrnus.2
735 1085 863 1144 Lemma
877 1081 1119 1144 MAPTTPIAI
1138 1095 1240 1143 autem
1258 1087 1330 1144 nihil
1356 1088 1441 1144 aliud

336 1192 474 1249 ostendit
515 1191 573 1248 nisi
618 1190 786 1264 compluria
827 1189 1004 1246 testimonia
1048 1189 1196 1263 deinceps
1233 1190 1265 1244 in
1302 1191 1439 1248 medium

334 1291 476 1369 prolatet

417 1395 488 1468 Qua
508 1413 540 1451 re
561 1395 629 1469 ipsa
655 1395 715 1450 iam
737 1394 778 1450 ad
799 1393 883 1450 aliud
904 1394 952 1450 via
977 1394 1067 1450 nobis
1089 1395 1208 1451 munita
1229 1403 1288 1464 est,
1316 1388 1347 1450 iri
1376 1413 1438 1470 quo

336 1498 586 1555 Westermannus
613 1495 726 1552 haeret.
774 1493 853 1552 Cum
881 1497 962 1552 enim
984 1495 1002 1570 ξ
1023 1513 1042 1570 q
1064 1503 1167 1552 orator
1194 1497 1287 1564 verba
1306 1497 1438 1556 lecisset:

335 1589 480 1678 βούλομαι
503 1587 553 1656 οὖν
572 1632 612 1639 -
633 1592 758 1656 ἀκοῦσαι
785 1591 862 1675 ὑμᾶς
890 1631 925 1638 -
952 1597 1013 1653 τῶν
1040 1587 1194 1676 μαρτύρων
1219 1599 1280 1655 τῶν
1307 1616 1439 1681 παραγε-

335 1695 461 1779 νομένων
481 1699 527 1775 τῷ
546 1687 729 1778 δανείσματι,
751 1699 834 1756 haud
857 1707 1100 1756 consentaneum
1122 1718 1192 1756 esse
1209 1701 1349 1775 disputat
1370 1703 1440 1779 §14

335 1821 400 1861 non
421 1803 520 1860 modo
541 1819 649 1858 eorum
671 1802 880 1859 testimonium
901 1802 1032 1870 recitari,
1056 1803 1107 1876 qui
1130 1803 1259 1859 aderant
1280 1811 1373 1862 testes
1393 1806 1439 1882 τῷ

335 1895 517 1984 δανείσματι,
540 1905 597 1961 sed
615 1905 706 1960 etiam
717 1904 806 1973 illius,
826 1905 911 1978 apud
925 1921 1016 1978 quem
1029 1905 1171 1978 deposita
1182 1913 1246 1961 erat
1261 1907 1439 1982 syngrapha.

333 2009 373 2065 At
395 2025 464 2064 cum
486 2006 543 2063 hac
565 2007 718 2062 sententia
739 2005 978 2075 Westermanni,
1003 2007 1202 2080 respicientes
1230 2007 1321 2076 illud,
1353 2010 1439 2082 quod

334 2111 375 2166 de
397 2127 455 2166 usu
477 2109 652 2165 lemmatum
674 2102 899 2165 MAP'I'TPIA
920 2115 950 2164 et
969 2102 1215 2165 MAPTTPIAI
1232 2092 1439 2176 diximus-'vel

332 2213 434 2285 ipsum
456 2209 548 2266 finem
576 2214 632 2284 §9
655 2227 792 2284 pugnare
815 2209 1044 2279 confitebimur,
1073 2209 1125 2266 ubi
1153 2229 1190 2266 ex
1219 2211 1316 2268 verbis
1338 2214 1439 2270 novis-

334 2315 417 2372 simis
443 2307 516 2393 λέγε
540 2303 596 2377 τὴν
622 2303 806 2393 συγγραφὴν,
839 2303 918 2393 εἶταΙ
939 2302 996 2380 τὰς
1028 2306 1188 2390 μαρτυρίας
1221 2311 1351 2378 efficitur
1373 2330 1438 2370 non

301 2478 303 2481 ,
335 2434 431 2473 unum
459 2415 515 2472 sed
541 2415 628 2489 plura
652 2415 828 2472 testimonia
849 2414 1002 2488 prolatum
1017 2415 1057 2470 Iri
1067 2431 1073 2483 ;
1100 2415 1187 2488 quod
1213 2433 1245 2472 re
1274 2421 1379 2490 vera§
1405 2434 1439 2490 14

334 2519 397 2576 fieri
418 2518 568 2575 videmus·

413 2621 514 2695 Atque
543 2619 788 2675 testimoniorum
822 2629 1035 2693 argumentum
1068 2621 1167 2694 ipsum
1204 2629 1439 2695 perscrutantes

227 2713 229 2718 ’
333 2725 405 2782 talia
431 2723 470 2780 ab
492 2720 667 2777 hominibus
689 2721 799 2788 talibus
822 2719 962 2777 affirmari
984 2722 1139 2792 videmus,
1168 2723 1270 2797 qualia
1296 2725 1336 2780 ad
1365 2742 1440 2780 con·

333 2825 514 2882 firmandam
540 2823 634 2880 fidem
655 2821 843 2898 syngraphae
872 2839 950 2896 opus
980 2831 1051 2880 erat.
1095 2821 1173 2880 Nam
1200 2838 1284 2894 cum,
1314 2824 1372 2882 hac
1398 2827 1438 2882 de

333 2946 365 2984 re
394 2904 512 2984 etiamsi
539 2925 630 2982 nobis
654 2923 727 2981 nihil
749 2942 877 2999 usquam
899 2925 1043 2980 traditum
1064 2934 1159 2993 esset,
1191 2917 1291 2983 rerum
1312 2934 1438 2983 naturae

335 3036 578 3087 consentaneum
613 3043 682 3083 esse
715 3027 818 3082 dicere
851 3027 950 3083 coacti
985 3045 1138 3097 essemuS,
1172 3029 1213 3084 de
1247 3026 1438 3085 instrumenti

334 3131 515 3188 auctoritate
536 3129 604 3186 illos
631 3129 761 3184 maxime
785 3135 912 3185 testatos
934 3120 1016 3198 esse,
1046 3131 1130 3204 apud
1155 3120 1234 3204 quos
1261 3129 1438 3203 depositum
1460 3187 1464 3192 ,

335 3237 416 3286 esset
443 3230 557 3304 quique
591 3230 738 3286 adessent
770 3247 839 3286 cum
867 3230 1066 3301 scribereturp
1096 3230 1155 3288 hoe
1182 3233 1282 3306 ipsum
1308 3229 1437 3288 ¹Athenis

335 3331 485 3390 sollemne
519 3330 612 3388 fuisse
648 3331 708 3388 alia
737 3332 878 3389 oratione
906 3331 1149 3390 Demosthenica
1177 3334 1354 3390 edocemur.
1402 3331 1439 3388 In

336 3433 477 3490 oratione
496 3432 623 3490 XXXVI
644 3434 779 3508 quidem,
801 3434 853 3491 ubi
875 3435 915 3492 de
937 3435 998 3493 fide
1020 3437 1193 3492 testamenti
1208 3437 1314 3510 agitur,
1337 3443 1440 3492 orator

334 3554 367 3594 se
399 3537 440 3593 ad
473 3535 603 3594 scribam
626 3535 681 3594 his
710 3538 811 3594 verbis
845 3535 1007 3616 convertitffz
1039 3533 1118 3613 λαβὲ
1145 3539 1197 3606 τῆς
1229 3525 1370 3604 διαδήκης
1401 3527 1437 3592 τὸ

407 3737 471 3791 lcs.
491 3740 505 3806 ξ
524 3754 566 3792 20.
603 3742 657 3791 Hic
680 3757 827 3808 quanquam
860 3743 909 3792 tria
940 3750 1042 3792 exstant
1069 3741 1234 3805 testimonia,
1263 3757 1321 3790 cum
1349 3747 1438 3788 orator

334 3829 431 3878 dixerit
440 3825 502 3896 λαβὲ
512 3821 556 3894 τὴν
575 3828 721 3897 μαρντυρίαν
739 3829 789 3879 τῶν
799 3824 982 3898 συμπλεόντων,
1002 3830 1097 3879 lemma
1106 3829 1253 3878 invenimus
1262 3825 1437 3877 lllPTlPlt.

335 3916 410 3964 Idem
430 3917 501 3966 cadit
520 3917 547 3966 in
566 3917 660 3967 lemma
678 3917 891 3968 testimoniorum
910 3917 983 3985 §gg
1003 3918 1050 3967 ubi
1069 3933 1126 3966 cum
1141 3916 1279 3966 codicibus
1293 3915 1439 3965 lectionem

334 4001 500 4053 ΜΑΡΤΥΡΙΑ
511 4005 624 4054 retineo.
662 4005 805 4069 Quomodo
822 4013 909 4056 autem
920 4006 1036 4056 editores
1055 4007 1113 4068 §20
1123 4004 1282 4068 singularem
1292 4019 1438 4063 numerum,

334 4091 350 4157 ξ
370 4103 401 4153 33
422 4091 550 4157 pluralem
569 4092 699 4152 scribant,
724 4109 783 4142 cum
804 4101 916 4158 utroque
940 4093 1002 4142 loco
1027 4091 1173 4158 compluria
1196 4091 1349 4141 testimonia
1368 4091 1438 4140 exhi·

335 4179 456 4238 beantur,
476 4195 517 4228 me
538 4196 592 4228 non
613 4179 770 4244 intellegere
791 4181 876 4230 libere
895 4181 1034 4246 profiteor.

402 4261 419 4304 '2
437 4268 472 4317 cI.
493 4274 560 4316 orat.
580 4269 667 4329 XLV,
689 4270 713 4319 8.
735 4281 775 4329 24.
799 4271 840 4320 60.
860 4270 902 4318 61.
921 4269 1024 4329 XLVI,
1044 4281 1085 4318 21.
1106 4267 1209 4329 XLIII,
1230 4281 1272 4332 3¹·
1295 4280 1336 4332 70.

404 4350 471 4408 ³cs.
493 4357 682 4417 orat.,XLIII,
701 4367 744 4424 35.
764 4369 806 4420 42.
826 4357 950 4416 XXXV,
971 4369 1013 4424 33.

777 4854 907 5007 Ἰ

641 5002 671 5030 Δ
