3532 5038
861 372 876 417 2

319 541 350 598 in
371 541 511 598 oratione
533 538 774 598 Demosthenica
795 541 826 596 in
847 539 1065 608 Macartatum,
1092 540 1291 614 inscriptione
1314 541 1352 601 ol.
1375 540 1421 616 89'.

318 640 407 721 4J4oq
430 643 597 717 genuinam
618 642 697 698 effici
720 641 872 716 patefecit.
1382 644 1384 648 ’

399 743 539 816 Quorum
561 745 693 800 virorum
715 761 810 818 opera
829 752 859 800 et
872 744 976 801 studio
988 744 1129 800 nimirum
1142 744 1270 801 adducti
1288 742 1313 821 J
1325 743 1423 820 Droy·

319 847 423 903 senius
445 845 662 904 dissertatione
684 843 896 904 Berolinensi1
925 846 1108 919 populiscita
1129 846 1201 914 tria,
1233 863 1313 920 quae
1342 847 1423 902 inve·

321 949 446 1004 niuntur
467 949 498 1004 in
522 947 694 1004 Andocidis
718 948 858 1004 oratione
881 948 921 1004 de
943 948 1107 1021 mysteriis,
1130 948 1266 1021 genuina
1287 948 1337 1004 illa
1357 949 1423 1022 qui·

319 1050 391 1106 dem
420 1050 477 1106 sed
499 1057 607 1123 postea
634 1047 671 1104 ab
698 1047 823 1105 homine
845 1049 940 1106 docto
968 1049 1147 1106 recentioris
1179 1049 1287 1105 aetatis
1317 1050 1424 1106 addita

318 1169 387 1209 esse
415 1151 635 1208 demonstravit
663 1158 694 1207 et
720 1151 755 1208 A.
778 1149 1026 1207 Wachholtzius²
1052 1151 1267 1206 dissertatione
1294 1149 1424 1207 Kiliensi

320 1253 378 1310 litis
399 1247 671 1309 instrumentorum
693 1252 725 1308 in
747 1253 886 1308 oratione
899 1251 1086 1308 Macartatea
1101 1269 1278 1326 germanam
1291 1254 1424 1308 auetori-

317 1363 412 1412 tatem
433 1362 466 1411 et
486 1353 578 1410 fidem
600 1353 766 1410 ostendere
788 1359 919 1410 conatus
940 1359 996 1413 est.

401 1455 559 1527 Quoniam
587 1461 689 1510 autern
717 1461 837 1528 praeter
864 1453 921 1510 hos
954 1455 1033 1511 viros
1060 1454 1257 1512 doctissimos
1285 1453 1365 1512 hanc
1391 1456 1424 1513 in

320 1576 385 1614 rem
417 1575 509 1614 nemo
544 1557 698 1631 inquisivit
732 1573 833 1630 neque
870 1557 910 1612 de
944 1555 1061 1630 legum,
1095 1556 1305 1626 decretorum,
1340 1559 1425 1614 testi·

320 1660 495 1716 moniorum
518 1657 663 1726 ionnulis,
685 1675 763 1732 quae
786 1657 817 1713 in
839 1658 962 1732 reliquis
984 1657 1177 1714 orationibus
1199 1665 1332 1727 exstant,
1353 1669 1424 1733 post

320 1761 543 1817 Westermanni
569 1760 846 1816 commentationes
872 1760 1040 1834 quidquam
1062 1761 1094 1816 in
1115 1761 1251 1816 medium
1272 1761 1424 1836 prolatum

321 1870 381 1931 est,
402 1863 444 1918 ita
466 1870 498 1917 ut
520 1879 603 1918 nunc
625 1861 752 1936 quidem
771 1861 923 1935 plerisque
942 1878 979 1916 ac
999 1862 1129 1917 maxime
1156 1863 1343 1932 editoribus,
1373 1864 1424 1938 qui

322 1965 410 2020 uncis
432 1981 451 2019 a
478 1970 560 2019 textu
584 1963 731 2019 orationis
754 1962 954 2034 secluserunt,
977 1963 1150 2036 suppositas
1172 1963 1236 2020 illas
1259 1981 1327 2020 esse
1349 1982 1424 2021 con·

325 2073 396 2134 stet,
418 2064 547 2122 sortasse
570 2081 683 2138 operae
705 2065 834 2137 pretium
856 2065 913 2119 erit
931 2063 1147 2120 nonnullarum
1170 2066 1342 2122 orationum
1369 2067 1427 2123 litis

320 2170 537 2236 instrumenta,
568 2167 600 2222 in
632 2183 710 2240 quae
734 2165 983 2222 Westermannus
1015 2172 1176 2240 tantopere
1208 2167 1346 2224 invectus
1371 2176 1425 2238 est,

322 2271 427 2326 denuo
450 2269 633 2325 examinare.

401 2373 501 2445 Atque
523 2371 653 2426 duarum
675 2370 849 2425 orationum
870 2368 1178 2426 Demostirenicarum
1201 2369 1347 2428 formulas
1368 2371 1426 2428 hac

321 2463 350 2528 in
364 2473 624 2528 commentatione
638 2471 868 2544 pertractandas
881 2470 953 2526 mihi
966 2471 1124 2544 proposui,
1146 2473 1293 2529 orationis
1304 2473 1424 2542 XXXV,

321 2591 400 2648 quae
427 2582 472 2630 ost
500 2575 531 2630 in
554 2572 707 2628 Lacritum
737 2579 766 2628 et
793 2573 940 2628 orationis
961 2571 1060 2641 XLV,
1089 2590 1170 2646 quae
1198 2582 1244 2631 est
1267 2575 1349 2649 prior
1370 2575 1425 2629 ad·

321 2694 427 2732 versus
449 2675 648 2749 Stephanum.

401 2777 463 2833 Sed
499 2778 674 2851 priusquam
712 2776 753 2832 ad
789 2793 852 2832 rem
889 2778 986 2851 ipsam
1018 2777 1219 2848 accedamus,
1258 2797 1356 2854 pauca
1385 2781 1425 2836 de

322 2880 440 2953 origine
471 2878 577 2938 irarum
604 2878 803 2935 formularum
831 2879 1064 2952 praemonenda
1098 2887 1176 2938 sunt.
1226 2879 1297 2951 Qua
1322 2883 1362 2938 de
1393 2899 1424 2937 re

322 3000 390 3038 curn
412 2980 459 3057 Jo.
482 2979 520 3042 G.
542 2977 753 3055 Droysenius3
785 2988 815 3037 et
836 2979 1095 3049 Wachholtzius4,
1123 2983 1233 3056 quibus
1255 2984 1286 3038 in
1307 3000 1426 3040 surnma

321 3102 421 3139 rerurn
453 3083 637 3158 adstipulor,
680 3083 803 3138 uberius
832 3083 1046 3151 disseruerint,
1075 3083 1211 3157 pluribus
1241 3083 1339 3139 verbis
1366 3084 1426 3141 hoc

323 3186 392 3241 ioco
415 3185 617 3260 supersedere
638 3183 711 3240 mihi
733 3183 850 3240 videor.
892 3184 937 3240 Ac
959 3184 1054 3240 tribus
1073 3186 1204 3241 maxime
1221 3185 1323 3240 modis
1349 3183 1426 3240 haec

327 3287 384 3342 litis
407 3287 609 3342 instrumenta
632 3286 663 3340 in
691 3292 804 3340 textum
832 3286 979 3340 orationis
1008 3286 1100 3340 inseri
1125 3287 1261 3359 potuisse
1287 3286 1427 3341 iudican-

323 3388 397 3443 dum
425 3388 494 3455 erit;
527 3392 579 3442 aut
608 3388 689 3442 enirn
716 3387 755 3442 ab
781 3404 821 3442 eo
852 3387 935 3461 ipsO,
960 3387 1011 3460 qui
1042 3389 1217 3460 composuit
1246 3388 1426 3456 orationem,

325 3489 506 3563 interposita
531 3494 584 3543 aut
614 3487 652 3542 ab
680 3487 804 3544 homine
832 3489 927 3544 docto
956 3469 1135 3544 recentioris
1162 3490 1283 3556 aetatiS,
1317 3489 1369 3562 qui
1396 3489 1427 3544 in

325 3590 475 3646 tabulario
497 3589 621 3664 publico
649 3599 802 3646 asservata
830 3590 1018 3657 inveniebat,
1048 3571 1225 3648 intercalata
1249 3598 1302 3647 aut
1329 3607 1346 3646 a
1374 3588 1428 3646 sai-

324 3693 404 3748 sario
427 3692 495 3748 ficta
516 3699 546 3748 et
567 3691 599 3746 in
619 3698 735 3747 textum
755 3690 908 3747 inculcata
928 3698 1008 3752 sunt.

398 3881 1428 3951 lMDmmmdfflmfflffidmmmmmmmcm(fflm

325 3949 478 4036 lini1873).
1178 3971 1182 3977 “
1253 4021 1258 4032 ,

397 4057 1430 4123 2fflfflnmmmfflmfflmmmwmstmwmmfflw-

326 4155 416 4196 tatum.
455 4147 546 4196 Kiliae
571 4148 645 4211 1878.

395 4232 408 4270 ³
425 4235 443 4284 ¹·
465 4251 487 4284 c·
507 4251 533 4300 p·
557 4245 606 4297 539
626 4251 665 4300 sn·

395 4320 629 4388 ⁴Lepom
