3532 5038
833 407 866 465 13

294 581 389 650 putat,
411 591 482 631 cum
504 573 553 630 alii
575 589 683 628 navem
705 574 803 647 ipsam
826 580 855 628 et
876 572 1045 646 portorium
1067 565 1258 647 hypothecae
1275 573 1401 630 nomine

296 677 499 752 obligassent,
528 682 593 730 tum
621 681 723 730 autern
745 681 839 747 negat
861 675 988 730 omnino
1015 691 1132 730 merces
1161 674 1192 730 in
1214 691 1323 732 navem
1347 675 1401 731 im·

293 780 410 854 positas
427 795 497 835 esse
514 783 635 850 praeter
656 775 822 832 nonnullas
835 793 883 832 res
905 776 987 845 viles
1010 793 1089 851 quae
1102 775 1256 849 agricolae
1277 777 1401 833 cuidam

294 880 508 938 Theodosiam
534 884 825 952 transportarentur,
860 877 947 935 cuius
970 878 1012 933 rei
1035 877 1278 951 conprobandae
1308 895 1402 936 causa

294 982 471 1039 testimonia
491 979 672 1039 referuntur.

375 1085 475 1158 Atque
512 1083 609 1155 primo
653 1081 831 1137 testimonio
871 1081 1075 1155 Apollonides
1113 1073 1400 1140 Halicarnassensis

292 1193 420 1243 testatur
443 1185 501 1242 sibi
523 1202 591 1242 esse
614 1191 722 1239 notum
744 1183 936 1256 Antipatrum
959 1180 1128 1240 Citiensem
1150 1183 1276 1240 dedisse
1307 1201 1401 1256 pecu·

298 1287 550 1362 niamHyblesio,
574 1303 606 1342 se
629 1285 730 1359 ipsum
752 1292 854 1341 autem
877 1285 1055 1359 participem
1077 1302 1146 1341 esse
1166 1286 1259 1344 navis.
1303 1284 1399 1356 Quod

294 1389 504 1447 testimonium
531 1389 573 1445 ita
595 1395 803 1461 comparatum
832 1394 891 1454 est,
907 1379 954 1443 ‘ut
983 1387 1039 1451 vin¹
1057 1385 1226 1460 quidquam
1252 1387 1400 1455 invenias

295 1492 382 1567 quod
404 1498 511 1548 contra
532 1490 744 1570 auctoritatem
756 1505 894 1545 moneas.
937 1485 1087 1544 Videmus
1109 1489 1192 1544 enim
1214 1506 1278 1544 non
1300 1490 1400 1562 ipsum

297 1594 489 1668 Antipatrum
510 1599 619 1648 testem
641 1591 762 1658 induci,
795 1590 851 1646 sed
873 1589 966 1646 alium
987 1588 1144 1646 hominem
1174 1589 1215 1645 de
1237 1589 1288 1646 illo
1317 1592 1401 1647 testi-

297 1695 395 1763 ficari,
426 1711 494 1750 eum
517 1693 656 1752 falsarius
679 1692 744 1748 sine
772 1691 870 1747 dubio
892 1691 1084 1765 Antipatrum
1113 1692 1213 1765 ipsum
1238 1699 1400 1750 testantem

295 1795 426 1855 iecisset.
449 1795 579 1852 Accedit
588 1794 674 1870 quod
686 1811 801 1849 nomen
812 1792 1007 1866 Apollonidis
1018 1791 1299 1850 Halicarnassensis
1310 1795 1400 1852 etiam

296 1897 496 1972 inscriptione
518 1895 609 1952 nobis
633 1901 783 1952 servatum
806 1902 866 1964 est;
894 1894 1023 1968 legimus
1045 1895 1172 1952 enimin
1193 1895 1280 1952 titulo
1300 1897 1401 1971 sepul·

295 1998 368 2054 crali
379 1996 390 2038 ¹
411 1996 538 2054 Athenis
549 2014 633 2052 anno
652 1995 743 2054 huius
756 1997 869 2052 saeculi
883 1997 1075 2070 sexagesimo
1087 2003 1226 2071 reperto:
1245 1992 1401 2056 Ἀπολλω-

294 2087 550 2168 νίδηςΜενίππου
568 2088 826 2178 Ἁλικαρνασσεὺς,
854 2098 903 2154 cui
932 2099 1005 2172 quin
1027 2099 1263 2173 quodammodo
1292 2119 1401 2157 neees-

296 2201 400 2258 situdo
423 2217 493 2256 eum
515 2198 758 2256 Demosthenico
780 2200 951 2256 intercedat
971 2217 1034 2256 non
1056 2201 1184 2258 dubium
1206 2202 1333 2260 videtur.

377 2303 412 2358 ln
433 2301 531 2358 fronte
559 2302 683 2358 alterius
712 2301 878 2356 testimonii
899 2299 1040 2357 Erasiclis
1068 2320 1182 2359 nomen
1211 2305 1401 2363 testificantis

296 2405 430 2477 positum
453 2410 508 2472 est,
529 2404 558 2458 in
583 2401 780 2481 irontextertii
802 2399 962 2489 liippiae.2
1003 2401 1137 2478 Uterque
1159 2405 1306 2474 affirmat,
1331 2425 1400 2464 eum

237 2581 243 2590 .
294 2503 453 2560 veheretur
474 2504 559 2560 navis
580 2493 808 2572 Theodosiam,
839 2520 957 2560 merces
979 2505 1160 2578 Apollodori
1186 2509 1284 2564 nullas
1306 2510 1401 2567 luisse

293 2607 324 2662 in
344 2623 421 2662 nave
433 2613 645 2679 praeterquam
667 2604 741 2670 illas¹
766 2622 845 2678 quae
858 2606 1012 2678 agricolae
1024 2617 1260 2682 asportarentur.
1303 2601 1400 2683 Quod

295 2726 364 2764 curn
386 2710 431 2773 iis,
453 2725 532 2782 quae
554 2708 585 2763 in
608 2707 748 2762 oratione
771 2707 839 2779 ipsa
852 2707 1003 2780 leguntur,
1027 2711 1142 2783 optime
1155 2715 1307 2786 congruit3
1328 2732 1399 2772 nam

293 2827 363 2866 eum
386 2813 449 2882 §31
476 2809 621 2881 seriptum
642 2808 834 2864 inveniamus
856 2807 950 2864 fuisse
978 2811 1010 2865 in
1032 2827 1127 2870 nave:
1153 2803 1275 2894 τάριχός
1298 2833 1333 2874 τε
1349 2814 1401 2874 καὶ

294 2903 366 2967 οἶνον
400 2906 487 2986 Κῷον
519 2905 582 2966 καὶ
615 2901 694 2965 ἄλλ’
724 2901 838 2978 ἄττα,
871 2909 1021 2968 Erasicles
1053 2915 1214 2971 contendit
1243 2919 1401 2991 octoginta

296 3013 393 3068 cados
416 3011 477 3067 vini
498 3008 555 3067 Coi
574 3009 718 3079 infuisse,
745 3007 874 3085 Hippias
897 3029 992 3070 unum
1013 3015 1059 3070 vel
1080 3016 1145 3072 duo
1163 3034 1234 3073 vasa
1256 3017 1325 3075 lana
1345 3020 1401 3076 im-

297 3112 387 3185 pleta,
410 3111 558 3168 nonnulla
573 3113 656 3167 coria
667 3113 800 3186 caprina,
823 3115 991 3188 compluria
1004 3106 1130 3196 κεράμια
1152 3121 1250 3176 carnis
1265 3121 1379 3178 salitae.
1410 3195 1411 3199 ἵ

374 3213 505 3270 Maxime
518 3213 683 3269 offensioni
695 3223 766 3270 sunt
776 3215 1010 3274 Westermanno
1029 3236 1121 3276 voces
1137 3225 1232 3295 §344
1257 3216 1401 3280 Ἀπολλο-

295 3303 398 3394 δώρου,
420 3310 589 3372 αὐτοῦτοῦ
610 3304 767 3395 φεύγοντος
787 3313 846 3374 νυνὶ
865 3309 920 3383 τὴν
941 3305 1031 3390 δίκην,
1053 3337 1123 3376 eum
1145 3339 1209 3377 non
1229 3324 1261 3378 in
1275 3324 1401 3397 Apollo·

297 3417 408 3470 dorum
431 3416 487 3471 sed
509 3417 540 3470 in
562 3413 716 3471 Lacritum
735 3417 906 3475 Androcles
928 3419 1065 3477 invectus
1087 3423 1133 3480 sit.
1176 3422 1272 3494 Quod
1294 3443 1401 3500 quam·

297 3534 367 3572 nam
397 3515 508 3572 habeat
530 3517 779 3590 explicationem,
811 3520 871 3575 iam
892 3521 1060 3579 videamus.
1102 3523 1202 3600 Atque
1225 3544 1400 3602 quanquam

295 3636 331 3675 ex
353 3622 368 3691 ξ
394 3635 426 3694 15
461 3616 497 3694 (oi
526 3609 657 3699 μὲνγὰρ
679 3606 823 3701 ἀδελφοὶὸ
846 3621 871 3678 oi
897 3611 1006 3679 τούτου
1035 3621 1079 3680 ἔτι
1100 3614 1233 3706 νεώτεροι
1253 3615 1328 3692 ἦσαν
1349 3627 1400 3688 καὶ

366 3823 376 3862 ¹
396 3828 462 3876 Vide
483 3829 649 3878 Kumanudis
664 3830 743 3879 inser.
756 3845 812 3893 sep.
832 3845 856 3894 p.
869 3831 912 3880 181
937 3843 1049 3894 n.1451.
1088 3833 1188 3884 Conler·
1206 3837 1282 3886 eliam
1301 3839 1398 3898 Roell,

293 3915 374 3962 Inscr.
399 3914 445 3964 Gr.
478 3916 686 3980 antiquissimae,
708 3934 733 3966 n.
756 3928 814 3981 500.
853 3918 967 3968 Bulletin
1000 3920 1033 3968 de
1058 3924 1289 3988 correspondenee
1308 3927 1399 3976 Helle·

297 4003 371 4067 nique
388 4003 410 4051 V
429 4019 454 4067 p.
476 4016 536 4065 493.
557 4005 597 4052 IV
616 4021 641 4066 p.
662 4015 721 4066 295.

366 4085 379 4125 2
399 4090 505 4138 Nomen
525 4091 674 4157 Athenippi
694 4092 766 4150 Hal„
787 4094 870 4158 patris
885 4093 967 4152 illius,
987 4102 1071 4144 exstat
1090 4096 1117 4145 in
1137 4097 1167 4148 C.
1186 4099 1208 4147 Ῑ.
1226 4099 1258 4148 G.
1275 4117 1300 4150 n.
1321 4103 1397 4164 2655.

354 4173 380 4214 ,3
400 4178 467 4226 Nam
488 4178 565 4228 etiarn
585 4179 792 4244 Apollodorum,
814 4197 866 4230 non
886 4181 972 4230 solum
982 4182 1166 4245 Artemonem,
1190 4188 1296 4236 fratrem
1318 4189 1399 4238 fuisse

294 4263 394 4312 Laeriti
415 4273 440 4312 et
461 4281 492 4313 ex
509 4265 560 4313 hoe
580 4267 639 4330 ipso
658 4267 719 4314 loeo
740 4275 767 4315 et
787 4284 817 4316 ex
836 4267 850 4330 ξ
872 4269 886 4316 8
907 4261 982 4335 (παρὰ
1003 4270 1062 4320 τῶν
1081 4268 1221 4340 ἀδελφῶν
1240 4273 1289 4324 τῶν
1310 4273 1399 4339 αὐτοῦ)

292 4356 319 4398 et
342 4365 372 4398 ex
391 4349 406 4416 ξ
427 4363 459 4412 42
487 4345 557 4416 (τοὺς
580 4347 741 4419 ἀδελφοὺς
764 4351 821 4413 τοὺς
845 4352 935 4404 ἑαυτοῦ
955 4353 1081 4409 ἐπαίδευσε
1106 4353 1150 4410 riu
1174 4361 1284 4410 παιδείαν
1308 4360 1400 4427 ταῦτην
