3532 5038
833 413 872 473 39

297 561 407 651 παῖδας
439 600 509 649 τους
535 575 700 647 Πασίωνος.
734 573 843 658 ὀφείλει
875 565 909 634 δὲ
936 570 1062 633 Πασίων
1094 570 1142 632 ἐπὶ
1168 565 1223 639 τὴν
1249 561 1400 652 τράπεζαν

297 672 399 742 ἕνδεκα
421 673 562 740 τάλαντα
583 685 622 749 εἰς
643 673 699 748 τὰς
723 667 995 756 παρακαταθήκας.

378 784 472 841 Plane
488 785 572 840 idem
594 784 681 859 quod
702 783 743 838 de
764 788 947 838 testamento
964 781 1140 838 monuiums
1162 781 1194 836 in
1215 780 1295 836 hanc
1317 781 1399 836 loca-

297 888 389 944 tionis
412 886 573 943 lormulam
594 886 685 942 cadit.
726 883 848 958 Itaque,
878 883 964 958 quod
986 883 1058 938 item
1087 884 1119 938 in
1141 879 1314 938 testamenti
1338 882 1399 937 fide

299 989 504 1046 examinanda
527 986 664 1055 fecimus,
686 986 731 1055 iis,
753 1003 832 1060 quae
844 993 874 1040 et
889 986 918 1040 in
935 984 992 1041 hac
1014 984 1143 1041 lormula
1155 993 1186 1040 ct
1207 985 1238 1040 in
1250 983 1398 1040 orationis

298 1101 405 1146 tenore
427 1092 506 1147 inter
534 1108 567 1146 se
590 1087 794 1162 congruunt,1
823 1088 959 1155 omissis,
986 1105 1023 1142 ea
1047 1086 1291 1160 perpendamus,
1320 1103 1399 1160 quae

298 1193 328 1247 in
359 1191 489 1248 formula
509 1191 631 1265 propria
652 1209 688 1246 ac
716 1189 880 1264 singularia
903 1189 1057 1262 leguntur,
1080 1206 1160 1264 quae
1182 1189 1307 1264 quidem
1329 1205 1397 1261 per-

297 1311 398 1367 pauca
422 1301 501 1350 sunt.

379 1395 478 1468 Atque
500 1393 637 1466 inprimis
659 1394 749 1450 nobis
771 1393 811 1448 de
834 1392 932 1448 verbis
954 1393 986 1448 in
1000 1390 1098 1448 fronte
1117 1392 1274 1448 collocatis
1290 1393 1398 1448 dicen·

298 1497 373 1552 dum
401 1496 464 1554 erit.
511 1494 798 1570 Circumspicientes
826 1495 908 1551 enim
935 1494 1008 1550 alias
1034 1493 1212 1551 huiusmodi
1243 1493 1397 1562 formulas,

298 1596 377 1653 hanc
398 1597 430 1652 in
450 1597 562 1654 talibus
584 1597 792 1654 instrumentis
802 1595 1023 1669 praelationem
1034 1595 1099 1665 illis,
1121 1613 1199 1670 quae
1213 1597 1399 1671 quaerimus,

300 1699 489 1772 temporibus
522 1699 663 1756 usitatam
698 1699 790 1755 luisse
823 1698 1001 1770 reperimus.
1049 1697 1084 1752 ln
1105 1691 1278 1754 'locationis
1312 1698 1399 1754 titulo

298 1801 424 1874 quidem
446 1801 519 1856 anni
541 1801 580 1857 ol.
614 1817 676 1858 120.
700 1797 798 1876 iisne,
827 1799 878 1874 qui
900 1817 926 1855 a.
950 1797 983 1854 C.
1006 1797 1193 1854 Weschero‘2
1218 1800 1319 1855 editus
1346 1808 1401 1867 est,

298 1901 440 1974 legimus:
466 1891 559 1957 Κατὰ
590 1889 667 1958 τάδε
692 1896 864 1980 ἐμίσθωσαν
887 1894 1066 1979 Ἀντίμαχος
1090 1889 1308 1979 Ἀμφιμάχου.
1332 1943 1338 1955 .
1363 1943 1369 1956 .
1393 1944 1399 1956 .

298 1992 334 2058 τὸ
354 1991 541 2081 ἐργαστήριον
561 1993 598 2060 τὸ
618 1999 647 2060 ἐν
668 1998 803 2079 Πειραιεῖ
821 2044 827 2057 .
851 2044 857 2056 .
878 2044 884 2056 .
908 1990 1055 2078 Εὐκράτει
1076 1988 1215 2070 Ἐξηκίου
1235 1990 1400 2082 Ἀφιδναίῳ,

298 2112 329 2160 et
356 2104 387 2159 in
413 2101 634 2178 inscriptione3
654 2105 727 2160 anni
749 2105 787 2160 ol.
816 2103 877 2162 108.
904 2100 1007 2181 41345:
1029 2093 1112 2158 κατὰ
1130 2090 1206 2160 τάδε
1228 2099 1398 2182 ἐμίσθωσαν

298 2193 435 2276 Αἰξωνεῒς
455 2196 510 2271 τὴν
531 2193 665 2263 diretta
686 2201 858 2263 Αιάτοκλεῒ.4

379 2307 451 2363 Hoc
479 2307 542 2364 sere
571 2326 667 2364 unum
695 2314 754 2375 est,
776 2307 863 2381 quod
884 2307 916 2362 in
939 2305 1069 2362 formula
1090 2309 1158 2385 ipsa
1178 2307 1332 2384 singulare
1354 2308 1400 2363 in-

302 2409 427 2467 venitur.
470 2409 550 2465 Nam
572 2410 658 2484 quod
679 2409 711 2465 in
733 2408 790 2464 hac
810 2426 867 2464 vox
888 2404 984 2487 χωρίς,
1006 2410 1189 2465 inoratione
1208 2416 1310 2464 autem
1332 2399 1401 2465 duan

299 2509 417 2584 legitur,
438 2509 510 2566 nihil
533 2511 574 2567 ad
598 2529 660 2567 rem
683 2510 762 2567 facit.
805 2509 930 2567 Maioris
955 2509 1080 2567 sortasse
1106 2511 1254 2572 momenti
1279 2511 1336 2566 erit
1360 2512 1400 2566 ad

298 2613 509 2670 auctoritatem
537 2611 724 2670 fulciendam
752 2613 838 2688 quod
868 2614 900 2668 in
933 2611 1063 2668 formula
1088 2613 1269 2669 infinitivum
1297 2601 1401 2670 aoristi

297 2702 535 2792 τραπεζιτεῦσαι,
558 2716 589 2771 in
604 2723 681 2775 orat.
697 2717 729 2788 ἐξ
741 2731 786 2789 32.
807 2731 854 2788 34.
867 2716 1035 2788 praesentis
1045 2703 1264 2792 τραπεζιτεύειν
1284 2723 1400 2772 exstare

298 2818 477 2872 invenimus.
519 2817 598 2873 Nam
620 2819 768 2892 quoniam
796 2818 828 2872 in
854 2817 948 2872 altera
974 2818 1172 2890 inscriptione
1200 2817 1303 2890 paullo
1329 2825 1400 2873 ante

299 2922 538 2973 commemorata
564 2915 595 2970 in
619 2918 710 2992 plane
737 2918 847 2974 eadem
875 2919 1095 2975 coniunctione
1124 2911 1180 2997 (μὴ
1207 2906 1342 2988 ἐξεῖναι
1368 2907 1402 2975 δὲ

299 3005 458 3088 Αἰξωνεῢσι
477 3007 555 3096 μήτε
576 3005 798 3096 ἀποδόσθαι)
820 3029 939 3094 tempus
953 3021 1099 3077 aoristum
1112 3021 1239 3077 subesse
1252 3021 1401 3090 videmus,

299 3118 424 3176 forsitan
451 3121 705 3178 concludendum
727 3123 782 3178 erit
803 3121 863 3178 hoc
888 3123 920 3178 in
948 3123 1165 3180 sententiarum
1186 3141 1281 3190 nexu,
1302 3125 1334 3179 in
1356 3123 1402 3180 his

298 3220 434 3280 formulis
469 3224 593 3293 usitato,
635 3225 765 3299 tempori
797 3226 910 3281 aoristo
946 3225 1047 3281 locum
1080 3221 1200 3282 suisse⁵
1248 3222 1400 3294 Ceterum,

299 3325 385 3396 quod
411 3325 444 3378 in
469 3327 642 3382 testamenti
667 3327 728 3383 fide
751 3328 956 3384 examinanda
984 3327 1173 3401 aperuimus,
1201 3327 1250 3383 hie
1275 3345 1399 3402 quoque

297 3425 449 3480 monitum
470 3425 568 3496 veliin,
591 3429 623 3482 in
646 3429 749 3502 aprico
772 3447 840 3486 esse
860 3438 977 3503 partem
998 3429 1213 3485 tantummodo
1236 3428 1326 3486 huius
1339 3428 1401 3485 lor·

298 3527 398 3582 mulae
419 3527 560 3583 traditam
583 3527 676 3586 esse.⁶
717 3529 838 3587 Desunt
858 3533 940 3588 enim
956 3532 1082 3587 nomina
1096 3531 1218 3587 testium
1238 3531 1284 3586 vel
1297 3531 1399 3605 potius

297 3645 490 3703 sponsorum,
512 3631 563 3705 qui
585 3632 651 3688 sine
669 3633 766 3689 dubio
781 3633 891 3690 talibus
907 3631 1043 3688 formulis
1062 3630 1264 3689 conficiendis
1289 3632 1399 3688 adesse

302 3749 501 3758 *Q—

370 3829 543 3900 15532-
564 3848 606 3899 34·

368 3917 492 3972 ²R6vue
511 3923 627 3972 archeol.
650 3925 725 3974 1866.
746 3924 817 3972 XIV
835 3941 861 3989 p.
881 3935 941 3988 352.

368 4005 468 4060 ³01.
490 4011 522 4059 G.
542 4023 584 4074 93.

366 4091 456 4146 4vide
477 4099 555 4147 etiam
576 4099 605 4149 C.
627 4101 649 4149 1.
672 4101 704 4150 G.
728 4113 785 4163 103.
805 4129 839 4138 -
859 4101 889 4150 C.
909 4103 931 4150 Ι.
952 4101 987 4149 Α.
1007 4101 1043 4159 11,
1066 4112 1087 4148 1.
1111 4102 1159 4164 167
1178 4117 1203 4150 v.
1226 4111 1283 4159 119.

366 4179 434 4233 5cf.
456 4185 487 4234 C.
509 4187 531 4234 Ι.
557 4187 588 4236 G.
609 4188 686 4248 2448.
719 4189 753 4236 Il.
783 4205 808 4236 v.
834 4201 873 4237 11.
906 4182 940 4255 μή
968 4184 1046 4253 ἐχέτω
1080 4185 1189 4247 ἐξουσίαν
1220 4182 1303 4254 μηδεὶς
1338 4180 1399 4253 μήτε

296 4265 446 4322 ἀποδόσθαι.
468 4301 500 4308 -
519 4273 549 4323 C.
569 4275 590 4322 1.
612 4274 644 4322 G.
666 4287 742 4338 2771.
763 4276 784 4324 I.
807 4291 830 4324 v.
856 4288 895 4336 14·

366 4354 456 4409 6vide
475 4377 502 4426 p.
527 4373 566 4424 17.
588 4361 642 4410 hui.
664 4361 732 4427 disp.
753 4369 808 4411 not.
833 4375 856 4412 2.
