3532 5038
845 427 876 468 11

308 593 477 648 coniuncta
506 608 576 647 cum
602 591 639 647 iis
667 607 746 664 quae
774 590 977 657 autecedunt,
1009 591 1134 648 adiecta
1161 591 1199 647 sit
1229 594 1412 650 testimoniis

311 712 434 763 eorum,
462 695 513 768 qui
534 683 586 749 σὺν
608 697 669 760 τοῖς
690 688 916 772 ἐκμαρτυροῢσιν
939 692 971 747 in
1001 709 1063 747 una
1092 709 1169 747 nave
1193 695 1270 750 vecti
1299 693 1410 760 erant,²

307 797 365 853 ista
386 794 561 853 Aeschinea
580 811 634 867 per
655 811 687 850 se
710 793 818 867 posita,
841 793 865 849 si
884 809 902 848 a
924 792 1008 854 nullo
1022 792 1267 863 confirmabatur,
1288 796 1333 852 vix
1350 797 1410 852 veri

311 898 443 972 aliquam
466 897 600 970 speciem
621 912 694 969 prae
708 913 741 951 se
759 893 835 950 ferre
852 895 960 968 potuit.
1001 891 1068 969 Jam
1081 894 1156 968 quid
1170 895 1210 950 de
1234 891 1411 975 ἐκμαρτυρίαι
1432 897 1435 906 ’

219 977 227 986 ’
310 997 551 1056 Demosthenica
583 1014 758 1064 censerem,
801 995 929 1053 fortasse
963 996 1148 1052 intellectum
1184 1005 1237 1054 est.
1291 997 1414 1056 Scilicet

306 1102 406 1176 posita
433 1107 504 1156 sunt
533 1108 605 1155 ante
627 1093 821 1178 ἐκμαρτυρίαν
848 1099 1023 1154 testimonia
1045 1097 1187 1156 Erasiclis
1213 1107 1244 1154 et
1265 1098 1411 1174 Hippiae,

306 1203 357 1278 qui
385 1203 532 1278 quoniam
563 1219 624 1257 una
652 1219 721 1258 cum
747 1201 799 1269 iis,
827 1194 958 1275 quorum
979 1195 1158 1282 ἐκμαρτυρίαι
1186 1200 1327 1270 refertur,
1354 1204 1410 1259 lter

307 1304 457 1375 fecerant,
495 1321 617 1372 nonne,
656 1304 680 1359 si
711 1303 808 1359 modo
840 1301 1067 1376 postulabatur,
1096 1302 1137 1358 ad
1166 1303 1408 1360 confirmandam

307 1399 510 1485 ἐκμαρτυρίαν,
531 1405 556 1462 si
573 1405 735 1480 quisquam
751 1405 837 1473 alius,
859 1404 921 1478 apti
944 1402 1050 1461 erant?
1092 1400 1154 1462 Sed
1167 1406 1239 1482 quia
1256 1405 1410 1462 iudicibus

307 1506 390 1563 haud
422 1508 563 1580 ignotum
605 1516 669 1564 erat
700 1507 867 1565 Eraslclem
908 1515 938 1564 et
969 1505 1115 1581 Hippiam
1152 1525 1213 1564 una
1250 1525 1320 1564 cum
1354 1507 1412 1564 illis

307 1605 547 1688 ἐκμαρτυροῦσιν,
576 1611 627 1684 qui
663 1611 723 1666 iam
751 1617 815 1666 tum
843 1611 950 1672 denuo
981 1607 1109 1666 fortasse
1136 1610 1244 1666 itinere
1272 1610 1410 1684 impediti

305 1728 370 1767 non
390 1711 447 1784 ipsi
470 1711 500 1766 in
521 1711 670 1767 iudicium
693 1713 795 1768 venire
817 1718 953 1785 possent,
976 1729 1030 1784 per
1053 1711 1179 1786 longum
1196 1719 1316 1786 tempus
1329 1713 1411 1767 navi·

306 1829 412 1886 gasse,
441 1827 705 1886 supervacaneum
733 1827 807 1867 sane
832 1809 991 1866 videbatur
1012 1804 1207 1890 ἐκμαρτυρίαν
1236 1827 1254 1867 a
1281 1811 1409 1866 testhus

307 1915 431 1984 firmari,
462 1915 495 1970 id
516 1923 564 1970 est
584 1922 704 1989 tempus
726 1913 759 1969 in
779 1930 811 1968 re
833 1920 945 1980 terere,
973 1929 1051 1986 quae
1074 1912 1148 1987 quin
1169 1912 1211 1968 ita
1232 1930 1265 1968 se
1285 1911 1412 1970 haberet

306 2016 420 2072 nemini
441 2016 570 2072 dubium
592 2033 660 2072 esse
680 2022 808 2089 poterat.
850 2011 996 2070 Ceterum
1018 2031 1072 2092 per
1092 2021 1212 2088 tempus
1236 2008 1411 2091 ἀνακρίσεως

306 2115 439 2192 llippiae
465 2126 496 2173 et
517 2116 658 2174 Erasiclis
685 2116 895 2173 testimonium
927 2116 968 2171 ad
1002 2114 1184 2172 firmandam
1215 2111 1410 2194 ἐκμαρτυρίαν

304 2219 488 2294 postulatam
510 2237 579 2277 esse
600 2218 803 2276 iudicandum
824 2218 894 2286 erit;
916 2217 1003 2292 quod
1025 2235 1094 2273 cum
1116 2217 1214 2274 indoli
1232 2226 1262 2275 et
1282 2219 1409 2292 ingenio

304 2322 489 2378 iudiciorum
527 2322 695 2377 Atticorum
728 2329 973 2376 consentaneum
1005 2328 1067 2389 est,
1104 2328 1169 2376 tum
1203 2304 1410 2377 Schoemanni

305 2423 484 2479 auctoritate
506 2423 666 2492 evincitur;
686 2441 722 2478 ex
745 2422 843 2479 verbis
865 2422 991 2496 quidem
1010 2419 1098 2478 eius‘2
1120 2465 1156 2492 „.
1178 2467 1184 2480 .
1205 2467 1211 2480 .
1236 2424 1302 2479 und
1324 2423 1410 2482 diese

306 2532 444 2582 mussten
466 2525 604 2582 dieselbe
627 2516 692 2601 (τὴν
713 2519 919 2604 ἐκμαρτυρίαν)
940 2543 1020 2586 menn
1032 2513 1081 2580 ¹sie
1101 2542 1136 2581 zu
1157 2525 1208 2581 den
1219 2525 1305 2582 Acten
1320 2503 1414 2600 galagi
1454 2507 1458 2514 ¹

306 2629 398 2697 ward,
421 2628 545 2702 augleich
564 2627 660 2684 durch
683 2626 728 2684 ihr
741 2627 898 2702 ZeugnisS,
921 2628 995 2684 dass
1012 2629 1054 2684 sie
1068 2625 1199 2683 wlrklich
1221 2645 1267 2698 so,
1288 2629 1342 2684 wie
1367 2630 1411 2707 sie

305 2729 503 2804 beigebracht
523 2730 651 2786 worden
671 2747 746 2799 war,
767 2731 799 2786 in
817 2728 897 2785 ihrer
919 2728 1102 2804 Gegenwart
1121 2729 1263 2804 abgelegt
1284 2727 1411 2786 worden

305 2832 358 2900 sei,
380 2830 592 2906 behriiltigen“
614 2831 674 2888 hoe
697 2831 907 2905 colligendum¹
927 2849 996 2889 esse
1019 2832 1146 2892 videtur.

456 3005 481 3062 3.
503 2987 551 3045 De
573 2989 750 3046 testimonio
771 2990 787 3060 ξ
807 3003 854 3062 23.

388 3105 623 3170 MAPTTPIA.
668 3104 798 3189 Ἄρατος
826 3105 1076 3190 Ἁλικαρνασσεὺς
1108 3117 1249 3192 μαρτυρεῖ
1280 3100 1413 3180 δανεῖσαι

271 3289 273 3293 ι
304 3199 524 3292 Ἀπολλοδώρῳ
546 3200 649 3270 ἕνδεκα
672 3213 746 3293 μνᾶς
767 3209 815 3272 ἐπὶ
834 3212 873 3291 τῇ
895 3209 1027 3293 ἐμπορία,
1048 3210 1082 3280 ἦν
1100 3203 1171 3296 ἦγεν
1191 3211 1220 3271 ἐν
1248 3215 1279 3290 τῇ
1292 3209 1411 3290 Ὑβλη-

303 3310 364 3371 σίου
384 3310 429 3379 wll
449 3316 489 3382 εἰς
509 3305 561 3371 τὸν
577 3304 703 3386 Πόντον,
724 3311 776 3372 καὶ
797 3321 859 3384 τοῖς
877 3313 991 3373 ἐκεῖθεν
1011 3309 1275 3396 ἀνταγορασθεῖσι,
1296 3313 1348 3374 καὶ
1368 3309 1411 3396 μὴ

304 3402 411 3472 εἰδέναι
436 3407 528 3472 αὐτὸν
557 3403 776 3496 δεδανεισμένον
802 3408 883 3496 παρὰ
902 3405 1112 3497 Ἀνδροκλέους
1139 3408 1279 3499 ἀργύριον·
1300 3413 1333 3476 οὐ
1354 3410 1411 3501 γὰρ

307 3506 343 3573 ἄν
363 3503 495 3574 δανεῖσαι
517 3507 606 3586 αὐτὸς
626 3505 849 3596 ’Λπολλοδιίρῳ
869 3511 906 3575 τὸ
928 3508 1067 3600 ἀργύριον.

385 3617 500 3676 Contra
531 3620 758 3694 stipulationem
793 3622 825 3677 in
860 3620 1032 3696 syngrapha
1064 3620 1175 3678 laetam
1202 3622 1411 3696 Apollodorus

303 3729 333 3779 et
353 3723 479 3779 Artemo
516 3739 634 3780 merces
669 3723 701 3778 in
738 3740 847 3780 navem
876 3723 1082 3797 imponendas
1109 3725 1201 3780 etiam
1228 3723 1410 3780 adulescen-

303 3823 367 3880 tulo
390 3824 514 3880 cuidam
535 3825 629 3880 Arato
652 3823 843 3899 hypothecae
868 3827 993 3882 nomine
1016 3826 1197 3900 obligarent,
1219 3827 1305 3901 quod
1322 3828 1412 3883 testi·

303 3926 410 3982 monio
432 3933 673 3982 commemorato
696 3927 805 3983 llrmari
827 3929 976 3988 videmus
1036 3973 1037 3977 ,
1377 3987 1379 3992 ,

389 4025 486 4098 Quod
509 4045 579 4084 curn
599 4028 710 4085 ordine
732 4028 868 4103 legitimo
890 4033 1033 4089 recitetur
1047 4046 1084 4086 ac
1105 4047 1144 4086 ne
1160 4028 1411 4089 Westermannus

375 4283 464 4336 lvide
484 4287 500 4352 ξ
522 4299 588 4348 ι9,9.
626 4286 676 4335 τῶν
695 4281 877 4351 συμπλεόντων.

376 4369 493 4426 ²Meier
513 4375 566 4428 und
585 4374 691 4428 schism.
730 4375 789 4427 Ati.
809 4376 854 4424 Pr.
875 4391 901 4446 p.
925 4377 984 4446 670.
