3532 5038
831 392 898 468 15⁸

182 543 185 547 ’
290 563 382 620 tionis
402 553 499 637 ipsius
519 555 860 634 respiciens'fi'nxisset,
889 567 1002 616 aut-
1022 559 1109 634 quod
1136 577 1192 633 per
1218 577 1250 616 se
1274 560 1401 634 quidem

194 671 199 678 '
293 665 356 721 heri
378 663 479 739 potuit
497 695 537 702 -
559 663 650 718 unius
671 662 846 718 Artemonis
868 669 921 722 aut
943 662 1099 737 utriusque
1125 663 1252 718 nomina
1273 670 1304 718 et
1314 662 1402 720 Arte-

290 767 392 822 monis
414 773 445 822 et
466 763 648 838 Apollodori
669 763 832 836 posuisset.

372 867 407 923 Iu
429 860 623 946 ἐκμαρτυρίαν
654 865 737 922 idem
761 865 854 934 cadit,
878 865 965 939 quod
987 864 1020 921 in
1040 860 1234 943 ἐκμαρτυρίαν
1254 869 1269 939 5
1292 881 1339 933 20,
1360 865 1402 922 de

292 987 352 1044 qua
367 986 457 1043 supra
468 956 714 1041 disputavimusl
757 966 806 1024 Ad
820 966 948 1023 Sostrati
966 974 996 1022 et
1006 965 1151 1024 Philiadis
1169 969 1304 1030 nomina,
1319 985 1399 1041 quae
1465 957 1469 964 ’

290 1073 351 1127 iam
374 1071 415 1126 ibi
433 1071 634 1144 reperiuntur,
656 1069 811 1125 accedunt
833 1070 960 1124 nomina
982 1069 1111 1130 aliorum
1131 1069 1221 1125 trium
1233 1067 1401 1136 hominum,

292 1189 423 1246 quorum
455 1167 650 1252 ἐκμαρτυρίας
677 1171 770 1227 fidem
797 1173 857 1227 iam
890 1171 937 1227 vel
965 1171 1004 1227 ab
1030 1168 1165 1227 Erasicle
1196 1177 1227 1226 et
1254 1161 1403 1246 Hyblesio

290 1273 336 1329 vel
357 1274 396 1330 ab
419 1274 606 1348 Apollonide
629 1275 696 1347 ipso
719 1273 865 1329 firmatam
886 1275 955 1330 esse
978 1273 1170 1330 censendum
1194 1270 1274 1328 (ὲῐίῐ.2

533 1465 569 1527 ll.
611 1464 664 1522 De
687 1466 913 1541 syngrapha.
955 1471 1148 1540 §gro-13.

372 1583 419 1640 De
439 1592 620 1659 argumento
635 1585 823 1661 syngraphae
837 1587 1008 1644 accuratius
1023 1586 1189 1659 disputavit
1200 1585 1235 1642 A.
1248 1584 1401 1642 Boeckhi-

292 1685 348 1743 us³
373 1704 475 1762 neque
501 1686 602 1744 habeo
632 1685 719 1761 quod
753 1685 843 1743 huius
878 1687 1132 1743 commentationi
1168 1687 1293 1744 addam.
1336 1685 1399 1744 Sed

292 1807 362 1845 cum
385 1789 420 1847 A.
451 1786 664 1857 Schaeierus,4
689 1805 876 1864 quamquam
902 1788 1154 1846 Westermannus
1182 1789 1399 1845 tantummodo

292 1891 470 1946 testimonia
491 1889 581 1946 huius
603 1890 751 1946 orationis
773 1889 843 1946 ficta
864 1907 932 1946 esse
959 1890 1173 1946 demonstrare
1191 1898 1321 1968 conatus
1344 1898 1399 1959 est,

291 1991 383 2048 nullis
404 1992 592 2064 argumentis
614 1990 710 2047 allatis
733 1991 824 2047 etiam
846 1990 1048 2066 syngrapham
1076 1997 1107 2047 et
1131 1990 1206 2064 legis
1229 1989 1399 2063 formulam,

291 2092 332 2148 de
354 2109 415 2166 qua
435 2098 544 2166 postea
565 2093 748 2166 disputaturi
772 2109 894 2162 sumus,
927 2092 1102 2168 suppositas
1128 2109 1197 2149 esse
1228 2092 1399 2149 contendat

290 2193 435 2268 idemque
455 2193 605 2263 editores,
627 2195 651 2250 si
673 2195 799 2268 quidem
822 2195 967 2251 cancellis
988 2193 1042 2250 has
1063 2189 1208 2250 formulas
1229 2203 1399 2267 sepserunt,

290 2311 418 2351 censere
452 2295 628 2363 videantur,
664 2293 764 2351 lacere
798 2313 863 2352 non
890 2297 1074 2370 poterimus,
1095 2296 1169 2370 quin
1191 2296 1251 2351 iam
1273 2297 1304 2352 in
1326 2314 1398 2352 auc-

290 2392 443 2451 toritatem
474 2395 664 2470 syngraphae
686 2396 789 2470 paullo
813 2397 990 2453 accuratius
1007 2396 1204 2471 inquiramus.

373 2496 472 2571 Atque
495 2497 520 2554 si
542 2497 775 2570 interrogamus,
797 2499 957 2572 quomodo
980 2495 1133 2569 falsarius,
1155 2500 1288 2556 simodo
1305 2500 1397 2570 linxit,

291 2596 409 2655 finxerit
431 2597 650 2674 syngrapham,
681 2599 810 2656 fortasse
838 2601 1111 2674 respondebimus,
1139 2579 1397 2678 quandoquidem

289 2699 393 2768 multa,
417 2713 497 2772 quae
519 2697 549 2753 in
571 2696 743 2771 syngrapha
755 2705 883 2767 exstant,
905 2699 936 2754 in
949 2699 1090 2756 oratione
1112 2701 1177 2774 ipsa
1193 2703 1397 2774 inveniuntur,

290 2817 436 2874 magnam
459 2805 576 2873 partem
604 2797 695 2855 huius
725 2799 919 2869 instrumenti
948 2818 985 2856 ex
1012 2802 1063 2870 iis,
1089 2819 1169 2876 quae
1197 2805 1228 2860 in
1256 2807 1397 2863 oratione

290 2903 356 2974 ipsa
378 2907 672 2968 commemorantur,
694 2900 819 2956 reficere
840 2900 923 2957 illum
945 2903 1093 2976 potuisse.
1135 2904 1197 2962 Sed
1227 2881 1251 2962 si
1278 2908 1337 2964 iam
1359 2927 1396 2964 ex

291 3003 431 3058 oratione
452 3002 519 3074 ipsa
540 3018 649 3056 omues
669 3000 772 3070 locos,
795 3002 846 3076 qui
866 3002 907 3058 ad
929 3004 1132 3078 syngrapham
1152 3008 1319 3080 pertinent,
1340 3011 1396 3066 de-

291 3103 459 3176 promimus
489 3111 519 3159 et
541 3135 579 3144 —·
602 3103 688 3176 quod
717 3119 775 3159 nos
803 3089 838 3159 in
862 3103 966 3161 tabula
988 3106 1175 3180 agglutinata
1206 3107 1335 3168 lecimus
1356 3147 1396 3155 --

290 3202 481 3279 syngraphae
506 3205 565 3278 ipsi
591 3221 691 3260 rerum
713 3204 823 3261 ordine
845 3215 965 3262 servato
987 3209 1184 3282 apponimus,
1208 3211 1255 3266 vix
1275 3215 1395 3271 tertiam

288 3313 405 3379 partem
433 3323 556 3374 eorum,
585 3322 664 3380 quae
687 3306 718 3361 iu
740 3305 912 3381 syngrapha
943 3309 1055 3382 scripta
1077 3319 1162 3378 sunt,
1193 3313 1224 3368 in
1247 3316 1395 3372 orationis

289 3413 396 3461 tenore
418 3408 519 3463 inesse
549 3408 731 3468 invenimus.
774 3406 847 3464 Non
870 3409 952 3464 enirn
974 3411 1168 3481 reperiuntur
1195 3415 1225 3470 in
1255 3416 1394 3472 oratioue

289 3508 356 3580 ipsa
383 3508 510 3566 nomina
529 3507 691 3565 Androclis
711 3516 742 3564 et
759 3507 979 3580 Nausieratis,⁵
1008 3529 1072 3567 non
1098 3515 1260 3587 quomodo
1288 3533 1394 3573 cursus

289 3609 386 3678 navis,
418 3625 509 3684 quem
537 3609 569 3664 in
602 3609 774 3685 syngrapha
811 3613 1041 3670 accuratissime
1077 3602 1217 3672 deliniriG
1246 3617 1394 3686 videmus,

288 3707 450 3766 faciendus
485 3711 523 3766 sit
551 3713 757 3781 constituitur,
790 3730 855 3772 non
892 3715 932 3774 de
964 3732 1124 3772 usurarum
1156 3718 1393 3792 magnitudinel

362 3893 450 3948 lvide
471 3915 497 3965 p.
521 3911 560 3949 10.
580 3899 635 3950 hui.
656 3901 725 3966 disp.

357 3981 371 4019 2
390 3986 449 4034 vide
468 3986 523 4037 hui.
542 3987 611 4052 disp.
631 4004 658 4052 p.
673 4000 718 4037 -11.

357 4067 504 4122 ³Staatslr.
527 4074 552 4123 d.
572 4075 637 4124 Ath.
657 4071 693 4125 1².
714 4092 740 4141 p.
763 4077 811 4142 187
831 4093 870 4142 sq.
894 4065 1065 4143 193-195.

356 4157 406 4210 41.
427 4176 449 4210 c.
469 4177 495 4226 p.
516 4162 567 4211 286
587 4178 627 4226 sq.

355 4242 402 4310 ὅθ
423 4259 462 4305 ιο,
488 4260 509 4299 r.
532 4261 555 4298 2.

357 4329 420 4402 ⁶55
442 4346 508 4396 io,4.
533 4349 600 4400 13,r.
674 4333 719 4402 lg
742 4340 808 4398 10,6.
827 4339 853 4388 8.
