<?xml version="1.0" encoding="UTF-8"?>
<!DOCTYPE html PUBLIC "-//W3C//DTD XHTML 1.0 Transitional//EN"
    "http://www.w3.org/TR/xhtml1/DTD/xhtml1-transitional.dtd">
<html xmlns="http://www.w3.org/1999/xhtml" xml:lang="en" lang="en">
 <head>
  <title>
</title>
<meta http-equiv="Content-Type" content="text/html;charset=utf-8" />
  <meta name='ocr-system' content='tesseract 3.04.00' />
  <meta name='ocr-capabilities' content='ocr_page ocr_carea ocr_par ocr_line ocrx_word'/>
</head>
<body>
  <div class='ocr_page' id='page_1' title='image "./delitisinstrume00kircgoog_0012.png"; bbox 0 0 3532 5038; ppageno 0'>
   <div class='ocr_carea' id='block_1_1' title="bbox 882 389 900 450">
    <p class='ocr_par' dir='ltr' id='par_1_1' title="bbox 882 389 900 450">
     <span class='ocr_line' id='line_1_1' title="bbox 882 389 900 450; baseline 0 0"><span class='ocrx_word' id='word_1_1' title='bbox 882 389 900 450; x_wconf 77' lang='lat'><em>3</em></span> 
     </span>
    </p>
   </div>
   <div class='ocr_carea' id='block_1_2' title="bbox 297 553 1448 1750">
    <p class='ocr_par' dir='ltr' id='par_1_2' title="bbox 297 553 1448 1647">
     <span class='ocr_line' id='line_1_2' title="bbox 421 553 1446 631; baseline 0 -19"><span class='ocrx_word' id='word_1_2' title='bbox 421 555 459 612; x_wconf 94' lang='lat' dir='ltr'>Id</span> <span class='ocrx_word' id='word_1_3' title='bbox 479 555 565 631; x_wconf 93' lang='lat' dir='ltr'>quod</span> <span class='ocrx_word' id='word_1_4' title='bbox 588 555 684 611; x_wconf 88' lang='lat' dir='ltr'>altero</span> <span class='ocrx_word' id='word_1_5' title='bbox 713 553 783 611; x_wconf 93' lang='lat' dir='ltr'>loco</span> <span class='ocrx_word' id='word_1_6' title='bbox 810 555 900 628; x_wconf 91' lang='lat' dir='ltr'>posui</span> <span class='ocrx_word' id='word_1_7' title='bbox 927 555 1076 631; x_wconf 87' lang='lat' dir='ltr'>quodque</span> <span class='ocrx_word' id='word_1_8' title='bbox 1103 554 1135 611; x_wconf 92' lang='lat' dir='ltr'>in</span> <span class='ocrx_word' id='word_1_9' title='bbox 1164 554 1348 629; x_wconf 90' lang='lat' dir='ltr'>populiscita</span> <span class='ocrx_word' id='word_1_10' title='bbox 1378 572 1446 612; x_wconf 87' lang='lat' dir='ltr'>ora·</span> 
     </span>
     <span class='ocr_line' id='line_1_3' title="bbox 341 657 1446 740; baseline -0.001 -27"><span class='ocrx_word' id='word_1_11' title='bbox 341 657 435 714; x_wconf 91' lang='lat' dir='ltr'>tionis</span> <span class='ocrx_word' id='word_1_12' title='bbox 461 658 667 714; x_wconf 88' lang='lat' dir='ltr'>Andocideae</span> <span class='ocrx_word' id='word_1_13' title='bbox 698 658 740 713; x_wconf 92' lang='lat' dir='ltr'>de</span> <span class='ocrx_word' id='word_1_14' title='bbox 772 657 922 732; x_wconf 81' lang='lat' dir='ltr'><strong>mysteriis</strong></span> <span class='ocrx_word' id='word_1_15' title='bbox 956 658 1107 733; x_wconf 87' lang='lat' dir='ltr'>quadrare</span> <span class='ocrx_word' id='word_1_16' title='bbox 1142 673 1234 730; x_wconf 91' lang='lat' dir='ltr'>supra</span> <span class='ocrx_word' id='word_1_17' title='bbox 1262 657 1446 740; x_wconf 59' lang='lat' dir='ltr'>aperuimus,</span> 
     </span>
     <span class='ocr_line' id='line_1_4' title="bbox 341 757 1446 835; baseline 0 -21"><span class='ocrx_word' id='word_1_18' title='bbox 341 757 415 815; x_wconf 89' lang='lat' dir='ltr'>ideo</span> <span class='ocrx_word' id='word_1_19' title='bbox 437 759 469 814; x_wconf 93' lang='lat' dir='ltr'>in</span> <span class='ocrx_word' id='word_1_20' title='bbox 492 757 562 828; x_wconf 89' lang='lat' dir='ltr'>has,</span> <span class='ocrx_word' id='word_1_21' title='bbox 591 777 667 835; x_wconf 93' lang='lat' dir='ltr'>quas</span> <span class='ocrx_word' id='word_1_22' title='bbox 689 758 878 834; x_wconf 86' lang='lat' dir='ltr'>quaerimus,</span> <span class='ocrx_word' id='word_1_23' title='bbox 907 760 1062 816; x_wconf 89' lang='lat' dir='ltr'>orationes</span> <span class='ocrx_word' id='word_1_24' title='bbox 1088 777 1152 815; x_wconf 91' lang='lat' dir='ltr'>non</span> <span class='ocrx_word' id='word_1_25' title='bbox 1180 759 1262 816; x_wconf 89' lang='lat' dir='ltr'>cadit</span> <span class='ocrx_word' id='word_1_26' title='bbox 1287 759 1373 833; x_wconf 93' lang='lat' dir='ltr'>quod</span> <span class='ocrx_word' id='word_1_27' title='bbox 1399 759 1446 815; x_wconf 87' lang='lat' dir='ltr'>vix</span> 
     </span>
     <span class='ocr_line' id='line_1_5' title="bbox 343 860 1446 936; baseline 0 -19"><span class='ocrx_word' id='word_1_28' title='bbox 343 861 489 918; x_wconf 86' lang='lat' dir='ltr'>credibile</span> <span class='ocrx_word' id='word_1_29' title='bbox 511 861 630 918; x_wconf 88' lang='lat' dir='ltr'>videtur</span> <span class='ocrx_word' id='word_1_30' title='bbox 651 862 708 918; x_wconf 90' lang='lat' dir='ltr'>litis</span> <span class='ocrx_word' id='word_1_31' title='bbox 730 862 946 931; x_wconf 84' lang='lat' dir='ltr'>instrumenta,</span> <span class='ocrx_word' id='word_1_32' title='bbox 974 879 1055 936; x_wconf 88' lang='lat' dir='ltr'>quae</span> <span class='ocrx_word' id='word_1_33' title='bbox 1077 862 1117 918; x_wconf 92' lang='lat' dir='ltr'>ad</span> <span class='ocrx_word' id='word_1_34' title='bbox 1139 863 1294 917; x_wconf 89' lang='lat' dir='ltr'>orationes</span> <span class='ocrx_word' id='word_1_35' title='bbox 1315 860 1446 934; x_wconf 89' lang='lat' dir='ltr'>privatas</span> 
     </span>
     <span class='ocr_line' id='line_1_6' title="bbox 342 961 1448 1038; baseline -0.002 -18"><span class='ocrx_word' id='word_1_36' title='bbox 342 970 497 1038; x_wconf 87' lang='lat' dir='ltr'>spectant,</span> <span class='ocrx_word' id='word_1_37' title='bbox 526 971 695 1038; x_wconf 85' lang='lat' dir='ltr'>propagata</span> <span class='ocrx_word' id='word_1_38' title='bbox 717 981 784 1020; x_wconf 89' lang='lat' dir='ltr'>esse</span> <span class='ocrx_word' id='word_1_39' title='bbox 807 963 969 1038; x_wconf 82' lang='lat' dir='ltr'>usquead</span> <span class='ocrx_word' id='word_1_40' title='bbox 991 969 1112 1036; x_wconf 91' lang='lat' dir='ltr'>tempus</span> <span class='ocrx_word' id='word_1_41' title='bbox 1134 961 1323 1036; x_wconf 82' lang='lat' dir='ltr'>grammatici</span> <span class='ocrx_word' id='word_1_42' title='bbox 1345 963 1448 1018; x_wconf 85' lang='lat' dir='ltr'>cuius·</span> 
     </span>
     <span class='ocr_line' id='line_1_7' title="bbox 346 1062 1447 1139; baseline -0.002 -18"><span class='ocrx_word' id='word_1_43' title='bbox 346 1065 435 1134; x_wconf 91' lang='lat' dir='ltr'>dam,</span> <span class='ocrx_word' id='word_1_44' title='bbox 457 1065 509 1139; x_wconf 92' lang='lat' dir='ltr'>qui</span> <span class='ocrx_word' id='word_1_45' title='bbox 532 1065 593 1122; x_wconf 92' lang='lat' dir='ltr'>sive</span> <span class='ocrx_word' id='word_1_46' title='bbox 615 1065 647 1121; x_wconf 92' lang='lat' dir='ltr'>in</span> <span class='ocrx_word' id='word_1_47' title='bbox 668 1082 758 1122; x_wconf 91' lang='lat' dir='ltr'>usum</span> <span class='ocrx_word' id='word_1_48' title='bbox 779 1065 1029 1121; x_wconf 83' lang='lat' dir='ltr'>exercitationum</span> <span class='ocrx_word' id='word_1_49' title='bbox 1050 1065 1082 1121; x_wconf 90' lang='lat' dir='ltr'>in</span> <span class='ocrx_word' id='word_1_50' title='bbox 1103 1064 1215 1122; x_wconf 92' lang='lat' dir='ltr'>scholis</span> <span class='ocrx_word' id='word_1_51' title='bbox 1235 1062 1447 1123; x_wconf 87' lang='lat' dir='ltr'>habendarum</span> 
     </span>
     <span class='ocr_line' id='line_1_8' title="bbox 347 1165 1447 1240; baseline -0.001 -18"><span class='ocrx_word' id='word_1_52' title='bbox 347 1167 410 1222; x_wconf 90' lang='lat' dir='ltr'>sive</span> <span class='ocrx_word' id='word_1_53' title='bbox 435 1167 476 1222; x_wconf 92' lang='lat' dir='ltr'>ad</span> <span class='ocrx_word' id='word_1_54' title='bbox 494 1185 558 1224; x_wconf 91' lang='lat' dir='ltr'>rem</span> <span class='ocrx_word' id='word_1_55' title='bbox 575 1167 786 1224; x_wconf 87' lang='lat' dir='ltr'>illustrandam</span> <span class='ocrx_word' id='word_1_56' title='bbox 804 1165 960 1235; x_wconf 79' lang='lat' dir='ltr'>formulas,</span> <span class='ocrx_word' id='word_1_57' title='bbox 982 1183 1060 1240; x_wconf 90' lang='lat' dir='ltr'>quae</span> <span class='ocrx_word' id='word_1_58' title='bbox 1073 1167 1259 1234; x_wconf 86' lang='lat' dir='ltr'>exciderant,</span> <span class='ocrx_word' id='word_1_59' title='bbox 1279 1184 1316 1222; x_wconf 89' lang='lat' dir='ltr'>ex</span> <span class='ocrx_word' id='word_1_60' title='bbox 1329 1165 1447 1222; x_wconf 88' lang='lat' dir='ltr'>tabellis</span> 
     </span>
     <span class='ocr_line' id='line_1_9' title="bbox 297 1267 1447 1343; baseline -0.002 -19"><span class='ocrx_word' id='word_1_61' title='bbox 297 1287 301 1306; x_wconf 70' lang='lat'>¹</span> <span class='ocrx_word' id='word_1_62' title='bbox 345 1267 477 1342; x_wconf 89' lang='lat' dir='ltr'>publicis</span> <span class='ocrx_word' id='word_1_63' title='bbox 494 1270 691 1343; x_wconf 89' lang='lat' dir='ltr'>depromeret</span> <span class='ocrx_word' id='word_1_64' title='bbox 705 1269 875 1342; x_wconf 88' lang='lat' dir='ltr'>denuoque</span> <span class='ocrx_word' id='word_1_65' title='bbox 888 1269 982 1325; x_wconf 86' lang='lat' dir='ltr'>textui</span> <span class='ocrx_word' id='word_1_66' title='bbox 993 1269 1141 1325; x_wconf 91' lang='lat' dir='ltr'>orationis</span> <span class='ocrx_word' id='word_1_67' title='bbox 1153 1269 1308 1324; x_wconf 88' lang='lat' dir='ltr'>insereret.</span> <span class='ocrx_word' id='word_1_68' title='bbox 1341 1267 1447 1323; x_wconf 90' lang='lat' dir='ltr'>Restat</span> 
     </span>
     <span class='ocr_line' id='line_1_10' title="bbox 344 1369 1447 1445; baseline 0.001 -20"><span class='ocrx_word' id='word_1_69' title='bbox 344 1369 436 1443; x_wconf 87' lang='lat' dir='ltr'>igitur</span> <span class='ocrx_word' id='word_1_70' title='bbox 456 1377 509 1426; x_wconf 90' lang='lat' dir='ltr'>aut</span> <span class='ocrx_word' id='word_1_71' title='bbox 531 1371 616 1444; x_wconf 87' lang='lat' dir='ltr'>quod</span> <span class='ocrx_word' id='word_1_72' title='bbox 637 1371 734 1444; x_wconf 92' lang='lat' dir='ltr'>primo</span> <span class='ocrx_word' id='word_1_73' title='bbox 747 1377 799 1426; x_wconf 89' lang='lat' dir='ltr'>aut</span> <span class='ocrx_word' id='word_1_74' title='bbox 810 1371 896 1445; x_wconf 92' lang='lat' dir='ltr'>quod</span> <span class='ocrx_word' id='word_1_75' title='bbox 917 1371 1006 1426; x_wconf 87' lang='lat' dir='ltr'>tertio</span> <span class='ocrx_word' id='word_1_76' title='bbox 1028 1370 1099 1427; x_wconf 93' lang='lat' dir='ltr'>loco</span> <span class='ocrx_word' id='word_1_77' title='bbox 1113 1370 1203 1443; x_wconf 89' lang='lat' dir='ltr'>posui</span> <span class='ocrx_word' id='word_1_78' title='bbox 1225 1369 1288 1426; x_wconf 87' lang='lat' dir='ltr'>fieri</span> <span class='ocrx_word' id='word_1_79' title='bbox 1299 1369 1447 1442; x_wconf 89' lang='lat' dir='ltr'>potuisse,</span> 
     </span>
     <span class='ocr_line' id='line_1_11' title="bbox 342 1469 1446 1548; baseline 0 -21"><span class='ocrx_word' id='word_1_80' title='bbox 342 1488 383 1528; x_wconf 87' lang='lat' dir='ltr'>sc.</span> <span class='ocrx_word' id='word_1_81' title='bbox 406 1479 458 1527; x_wconf 92' lang='lat' dir='ltr'>aut</span> <span class='ocrx_word' id='word_1_82' title='bbox 479 1473 583 1529; x_wconf 87' lang='lat' dir='ltr'>manui</span> <span class='ocrx_word' id='word_1_83' title='bbox 615 1473 708 1541; x_wconf 87' lang='lat' dir='ltr'>illius,</span> <span class='ocrx_word' id='word_1_84' title='bbox 739 1473 790 1548; x_wconf 93' lang='lat' dir='ltr'>qui</span> <span class='ocrx_word' id='word_1_85' title='bbox 813 1473 987 1546; x_wconf 89' lang='lat' dir='ltr'>composuit</span> <span class='ocrx_word' id='word_1_86' title='bbox 1007 1473 1193 1540; x_wconf 88' lang='lat' dir='ltr'>orationem,</span> <span class='ocrx_word' id='word_1_87' title='bbox 1219 1469 1273 1527; x_wconf 90' lang='lat' dir='ltr'>has</span> <span class='ocrx_word' id='word_1_88' title='bbox 1302 1469 1446 1527; x_wconf 88' lang='lat' dir='ltr'>formulas</span> 
     </span>
     <span class='ocr_line' id='line_1_12' title="bbox 342 1572 1148 1647; baseline 0.004 -20"><span class='ocrx_word' id='word_1_89' title='bbox 342 1572 521 1632; x_wconf 91' lang='lat' dir='ltr'>tribuendas</span> <span class='ocrx_word' id='word_1_90' title='bbox 546 1591 613 1631; x_wconf 85' lang='lat' dir='ltr'>esse</span> <span class='ocrx_word' id='word_1_91' title='bbox 635 1582 687 1630; x_wconf 90' lang='lat' dir='ltr'>aut</span> <span class='ocrx_word' id='word_1_92' title='bbox 709 1592 727 1630; x_wconf 93' lang='lat' dir='ltr'>a</span> <span class='ocrx_word' id='word_1_93' title='bbox 749 1573 871 1631; x_wconf 91' lang='lat' dir='ltr'>lalsario</span> <span class='ocrx_word' id='word_1_94' title='bbox 895 1573 1049 1647; x_wconf 86' lang='lat' dir='ltr'>profectas</span> <span class='ocrx_word' id='word_1_95' title='bbox 1070 1592 1148 1630; x_wconf 88' lang='lat' dir='ltr'>esse.</span> 
     </span>
    </p>

    <p class='ocr_par' dir='ltr' id='par_1_3' title="bbox 347 1659 1445 1750">
     <span class='ocr_line' id='line_1_13' title="bbox 347 1659 1445 1750; baseline -0.002 -20"><span class='ocrx_word' id='word_1_96' title='bbox 347 1663 349 1680; x_wconf 85' lang='lat'>&#39;</span> <span class='ocrx_word' id='word_1_97' title='bbox 389 1659 392 1666; x_wconf 44' lang='lat'>¹</span> <span class='ocrx_word' id='word_1_98' title='bbox 422 1671 479 1731; x_wconf 92' lang='lat' dir='ltr'>Cui</span> <span class='ocrx_word' id='word_1_99' title='bbox 501 1676 544 1732; x_wconf 91' lang='lat' dir='ltr'>rei</span> <span class='ocrx_word' id='word_1_100' title='bbox 565 1676 763 1749; x_wconf 86' lang='lat' dir='ltr'>indagandae</span> <span class='ocrx_word' id='word_1_101' title='bbox 785 1677 846 1732; x_wconf 93' lang='lat' dir='ltr'>iam</span> <span class='ocrx_word' id='word_1_102' title='bbox 866 1659 903 1731; x_wconf 86' lang='lat' dir='ltr'>iis¹</span> <span class='ocrx_word' id='word_1_103' title='bbox 925 1691 1004 1750; x_wconf 90' lang='lat' dir='ltr'>quae</span> <span class='ocrx_word' id='word_1_104' title='bbox 1022 1683 1170 1732; x_wconf 85' lang='lat' dir='ltr'>secuntur</span> <span class='ocrx_word' id='word_1_105' title='bbox 1183 1691 1309 1748; x_wconf 90' lang='lat' dir='ltr'>operam</span> <span class='ocrx_word' id='word_1_106' title='bbox 1326 1673 1445 1729; x_wconf 91' lang='lat' dir='ltr'>demus.</span> 
     </span>
    </p>
   </div>
   <div class='ocr_carea' id='block_1_3' title="bbox 0 0 1770 5038">
    <p class='ocr_par' dir='ltr' id='par_1_4' title="bbox 0 0 1770 5038">
     <span class='ocr_line' id='line_1_14' title="bbox 0 0 1770 5038; baseline 0 0"><span class='ocrx_word' id='word_1_107' title='bbox 0 0 1770 5038; x_wconf 95' lang='lat' dir='ltr'> </span> 
     </span>
    </p>
   </div>
  </div>
 </body>
</html>
