3532 5038
721 893 850 958 PARS
878 892 1043 957 PRIOR.

380 1027 524 1104 Dellitis
546 1026 782 1092 instrumentis
803 1027 837 1088 in
859 1025 1114 1094 Demosthenis,
1138 1045 1227 1106 quae
1248 1025 1382 1095 fertur‚¹

664 1143 820 1206 oratione
851 1142 886 1204 in
919 1141 1106 1204 Lacritum.

700 1383 722 1440 1.
746 1381 801 1440 De
823 1383 1069 1439 testimoniis,
1167 1417 1169 1421 ,

487 1533 510 1574 1.
532 1516 580 1572 De
601 1515 785 1572 testimoniis
807 1513 826 1592 ᾖ
853 1531 896 1587 14.

412 1617 589 1694 Syngrapha
604 1617 747 1691 perlecta,
772 1617 859 1673 cuius
878 1618 910 1672 in
926 1624 1059 1673 extrema
1075 1625 1158 1690 parte
1173 1617 1299 1674 nomina
1313 1619 1435 1674 testium

331 1729 462 1778 exstant:
507 1701 509 1706 ,
1026 1771 1030 1778 .

413 1813 566 1903 Μάρτυρες
589 1817 726 1900 Φορμίων
750 1810 913 1898 Πειραιεύς,
936 1807 1142 1901 Κηφισόδωρος
1164 1811 1312 1892 Βοιώτιος,
1331 1811 1437 1879 Ἥλιό-

331 1913 420 2002 δωρος
441 1915 586 1993 Πιτθεύς.
722 1905 724 1910 ¹

332 2028 392 2083 iam
409 2027 600 2083 ‘testimoniis
623 2027 736 2081 inserta
759 2025 888 2081 oratoris
910 2025 1017 2093 verba,
1044 2025 1155 2099 quibus
1182 2043 1216 2080 se
1244 2025 1284 2080 ad
1308 2025 1437 2081 scribam

332 2129 490 2202 pubiicum
514 2129 672 2194 convertit,
694 2127 821 2200 ipsaque
845 2127 1021 2182 testimonia
1044 2135 1204 2183 secuntur:

413 2225 493 2312 Λέγε
515 2218 551 2295 δη
573 2220 699 2296 καὶτὰς
721 2224 889 2308 μαρτυρίοις.

412 2326 683 2389 ΜΑΡΤΤΡΙΑΙ.·
708 2318 919 2410 Ἀρχενομίδης
948 2318 1194 2410 Ἀρχεδάμαντος
1223 2321 1437 2412 Ἀναγυράσιος

333 2439 474 2514 μαρτυρεῖ
492 2423 643 2500 συνθηκας
663 2430 723 2514 παρ’
745 2430 845 2508 ἑαυτῷ
868 2422 1259 2511 καταθέσθαιἈνδροκλέα
1280 2424 1438 2514 Σφήττιον,

333 2525 541 2614 Ναυσικράτην
571 2523 750 2612 Καρύστιον,
783 2528 975 2612 Ἀρτέμωνα,
1002 2523 1229 2614 Ἀπολλόδωρον
1251 2531 1436 2601 Φασηλίτας,
1458 2571 1461 2577 Δ

336 2634 387 2694 καὶ
408 2630 481 2694 εἶναι
501 2634 562 2717 παρ
583 2633 685 2712 ἑαυτῷ
706 2634 750 2693 ἔτι
770 2631 903 2716 κειμένην
922 2628 977 2701 την
997 2627 1175 2718 συγγραφήν.

420 2734 499 2820 Λέγε
521 2727 557 2803 δὴ
578 2734 630 2794 καὶ
650 2729 785 2804 τὴντῶν
806 2733 1050 2819 παραγενομένων
1071 2735 1239 2818 μαρτυρίαν.

416 2835 651 2898 ΜΑΡΤΤΡἸΑ.
712 2827 858 2908 Θεόδοτος
903 2830 1054 2912 ἰσοτελής,
1097 2837 1221 2920 Χαρῖνος
1257 2831 1439 2921 Ἐπιχάρους

336 2932 523 3011 Λευκονοεύς,
544 2937 680 3020 Φορμίων
693 2936 921 3022 Κηφισοφῶντος
933 2931 1099 3019 Πειραιεύς,
1117 2930 1323 3024 Κηφισίδωρο5
1346 2932 1439 2999 Βοιώ-

338 3062 414 3114 τιος,
446 3033 627 3120 Ἠλιίδιορος
658 3035 794 3110 Πιτθεὺς
831 3044 1007 3123 μαρτυροῦσι
1035 3048 1183 3123 παρεῖναι,
1219 3038 1262 3101 ὅτ’
1294 3031 1439 3101 ἐδάνεισεν

334 3134 513 3226 Ἀνδροκλῆς
530 3131 752 3223 Ἀπολλοδώρῳ
772 3140 823 3201 καὶ
835 3139 1002 3224 Ἀρτέμωνι
1019 3140 1153 3226 ἀργυρίου
1173 3139 1336 3223 τρισχιλίας
1347 3132 1439 3223 δραχ-

333 3237 409 3325 μάς,
431 3243 482 3303 καὶ
503 3233 611 3304 εἰδέναι
630 3238 684 3310 τὴν
704 3238 873 3326 συγγραφὴν
894 3242 1121 3324 καταθεμένους
1143 3238 1224 3326 παρά
1243 3233 1439 3325 Ἀρχενομίδηι

335 3343 545 3428 Ἀναγυρασίῳ.

416 3449 505 3506 Haec
537 3457 582 3507 est
612 3450 702 3506 lectio
737 3451 923 3524 optimorum
953 3450 1112 3520 librorum,
1144 3451 1256 3526 quibus
1288 3450 1364 3507 haec
1394 3451 1440 3505 in·

338 3560 504 3609 strumenta
527 3553 617 3608 nobis
639 3553 751 3608 tradita
774 3559 854 3621 sunt,
876 3553 1021 3609 codicum
1043 3551 1071 3612 F
1093 3549 1123 3609 Φ
1145 3548 1178 3609 B.

414 3655 449 3710 In
489 3654 599 3709 codice
631 3653 769 3712 Parisino
801 3650 828 3712 Σ
869 3654 941 3711 nihii
975 3663 1072 3712 exstat
1104 3655 1161 3712 nisi
1195 3656 1251 3712 tria
1285 3655 1440 3711 lemmata:

338 3750 582 3814 ΣΤΓΓΡΑΦΗ.
625 3751 878 3814 ΜΑΡῚὝΡΙΑΙ.
921 3752 1162 3828 ΜΑΡΤΤΡΙΑ,
1184 3758 1276 3813 etiam
1298 3756 1442 3814 adhorta·

334 3859 470 3914 tionibus
502 3857 558 3914 illis
580 3860 709 3914 oratoris
734 3859 812 3914 inter
838 3859 967 3932 primum
989 3859 1179 3934 alterumque
1201 3867 1293 3933 atque
1314 3860 1440 3915 alterum

333 3961 516 4033 tertiumque
532 3959 679 4017 οιιιίεείε.2
721 3961 759 4017 At
781 3962 866 4035 quod
888 3960 994 4018 harum
1017 3960 1213 4017 formularum
1229 3967 1442 4034 argumentum

411 4149 516 4202 ¹Hanc
538 4153 685 4202 orationem
711 4168 764 4200 non
788 4152 1012 4201 aDtmosthenis
1033 4169 1110 4202 manu
1133 4155 1280 4218 proiectam
1307 4168 1365 4200 esse
1385 4165 1443 4199 cum

336 4239 381 4287 alii
400 4247 454 4288 tum
474 4240 592 4290 Blassius
611 4239 671 4302 (Die
692 4247 738 4288 att.
760 4239 973 4288 Beredtsamkeit
992 4241 1039 4298 111,
1059 4253 1079 4289 1.
1100 4257 1126 4306 p.
1149 4252 1196 4304 504
1213 4240 1262 4306 sq.)
1283 4237 1441 4304 explanavit.

411 4324 502 4376 2vide
523 4327 668 4376 editionem
690 4327 722 4376 G.
744 4326 881 4375 Dindorfii
901 4327 1091 4377 Oxoniensem.
