3532 5038
815 381 853 441 29

273 557 388 606 vertere
407 549 506 617 liceat,
528 547 653 603 unicum
673 541 743 604 esse
761 545 819 602 hac
842 546 874 602 in
891 544 1030 602 oratione
1054 543 1129 602 illud
1154 545 1374 617 testimonium,

275 652 362 708 cuius
391 657 604 725 argumentum
620 649 724 705 'etiam
753 648 863 706 codice
893 642 920 704 Σ
950 647 1115 704 exhibetur.
1161 647 1225 704 lam
1252 665 1377 723 compa-

273 761 375 810 rantes
398 751 523 822 unicum
549 751 784 807 instrumentum
806 749 954 806 orationis
976 748 1102 818 XXXV,
1133 750 1243 807 codice
1266 744 1293 807 Σ
1314 769 1376 808 ser·

275 851 402 922 vatum,l
423 871 493 911 cum
512 851 581 922 hoc,
605 861 768 927 utrumque
783 852 881 909 verbis
899 851 1028 908 oratoris
1044 851 1222 926 interrumpi
1237 851 1377 909 videmus

276 962 307 1012 et
332 955 428 1030 magis
458 973 549 1030 quam
584 955 657 1012 alias
687 953 866 1031 huiusmodi
900 952 1044 1011 formulas
1076 971 1146 1010 cum
1174 953 1272 1010 verbis
1303 954 1376 1028 ipsis

273 1058 402 1114 oratoris
433 1055 609 1113 cohaerere.
655 1056 762 1131 Itaque
790 1055 977 1112 concludere
1004 1073 1068 1111 non
1094 1055 1228 1112 alienum
1257 1055 1378 1112 videtur

272 1156 410 1233 reliquas'
437 1157 582 1214 formulas
615 1175 633 1214 a
661 1157 782 1214 librario
817 1157 935 1214 codicis
963 1151 990 1214 Σ
1023 1157 1152 1214 omissas
1188 1175 1272 1224 esse,
1306 1174 1377 1214 cum

273 1278 337 1318 non
362 1261 466 1334 magni
491 1259 639 1316 momenti
665 1259 706 1315 ad
737 1259 907 1315 orationem
928 1259 1025 1333 ipsam
1046 1259 1285 1333 intellegendam
1306 1276 1375 1316 esse

272 1364 400 1434 putaret.

422 1536 449 1594 4.
471 1517 718 1585 De,testimonio
739 1523 755 1592 ς
777 1535 825 1595 55.

354 1635 588 1700 ΜΑΡΤΤΡΙΑ.
631 1637 742 1713 Δεινίας
769 1633 957 1724 Θεομνήστου
975 1636 1137 1724 Ἀθμονεὺς
1159 1651 1299 1724 μαρτυρεῖ
1322 1635 1376 1711 τὴν

274 1738 432 1824 θυγατέρα
459 1738 552 1803 αὑτοῦ
581 1732 714 1803 ἐκδοῦναι
739 1735 953 1824 Ἀπολλοδώρῳ
985 1737 1068 1803 κατὰ
1100 1736 1169 1814 τοὺς
1194 1735 1297 1826 νόμους
1322 1763 1376 1827 γυ-

271 1850 359 1902 ναῖκα
379 1843 465 1926 ἔχειν,
486 1843 538 1904 καὶ
557 1834 756 1924 μηδεπώποτε
778 1843 1015 1929 παραγενέσθαι,
1043 1835 1119 1926 μηδὲ
1140 1843 1304 1906 αἰσθέσθαι
1324 1844 1376 1907 ὅτε

269 1935 491 2027 Ἀπολλόδωρος
514 1943 610 2030 ἀφῆκε
631 1950 691 2006 τῶν
713 1939 913 2030 ἐγκλημάτων
934 1939 1077 2008 ἁπάντων
1097 1945 1262 2028 Φορμίωνα.

352 2047 511 2120 Quoniam
551 2057 655 2107 orator
694 2051 726 2108 in
762 2053 1018 2110 antecedentibus
1056 2055 1088 2126 ἐξ
1124 2049 1172 2128 (53
1207 2050 1263 2130 sq.)
1302 2053 1377 2109 dixit

273 2150 461 2230 Stephanum
499 2171 539 2209 ne
573 2154 768 2227 cognationis
797 2155 924 2230 quidem
956 2155 1108 2212 rationem
1141 2153 1283 2212 habuisse
1319 2156 1375 2211 sed

271 2253 406 2327 quamvis
429 2261 524 2310 mater
543 2255 631 2312 istius
652 2268 734 2313 esset
758 2275 845 2313 soror
867 2256 992 2326 Diniae,
1023 2258 1056 2313 id
1083 2265 1129 2314 est
1154 2257 1247 2332 patris
1274 2258 1375 2314 uxoris

270 2354 366 2428 ipsius
386 2372 427 2412 sc.
441 2355 650 2428 Apollodori,²
673 2353 775 2432 rieque
798 2359 926 2414 veritum
948 2377 1016 2416 esse
1038 2357 1147 2415 salsum
1167 2358 1376 2415 testimonium

270 2453 406 2527 prolerre
425 2463 456 2512 et
466 2455 659 2515 Phormionis
681 2459 801 2517 divitias
827 2460 920 2534 pluris
942 2461 1120 2518 aestimasse
1141 2477 1232 2535 quam
1261 2478 1375 2534 cogna-

270 2557 362 2616 tionis
389 2558 523 2628 vincula,
552 2592 588 2600 —
615 2545 676 2616 iam
707 2561 838 2634 scribam
879 2563 1047 2638 compellit,
1081 2571 1114 2619 ut
1146 2561 1258 2620 Diniae
1291 2565 1375 2621 testi·

270 2658 408 2719 monium
428 2659 544 2720 referat.

350 2760 471 2832 Quibus
498 2765 672 2836 praemissis
700 2768 779 2824 duas
807 2785 854 2824 res
883 2768 1059 2825 testimonio
1088 2767 1237 2824 firmatum
1263 2767 1298 2824 iri
1324 2787 1375 2824 ex·

270 2868 454 2936 spectamus,
475 2865 605 2937 primum
627 2867 782 2942 Stephano
805 2887 874 2926 cum
896 2870 1089 2944 Apollodoro
1112 2869 1374 2928 necessitudinem

268 2961 351 3019 illam
365 2963 567 3037 intercedere,
588 2975 652 3026 tum
664 2969 853 3044 Stephanum
874 2971 951 3028 salsa
971 2978 1114 3030 testatum
1136 2990 1204 3029 esse
1226 2972 1374 3030 adversus

270 3063 506 3138 Apollodorum.

350 3165 491 3238 Quorum
518 3169 646 3228 alterum
673 3173 737 3230 fieri
762 3175 915 3246 videmus;
951 3195 1022 3233 nam
1050 3197 1087 3234 ex
1119 3195 1157 3234 eo
1186 3176 1272 3253 quod
1299 3177 1374 3234 dicit

272 3265 382 3326 Dinias
417 3288 450 3327 se
482 3271 513 3327 in
541 3274 768 3334 matrimonium
794 3278 919 3336 dedisse
947 3279 1038 3336 filiam
1064 3279 1271 3354 Apollodoro,
1300 3296 1374 3353 eog-

271 3369 404 3428 nationis
416 3373 493 3428 ratio
514 3375 628 3448 optime
652 3377 826 3451 explicatur.
867 3380 982 3437 Iniuria
1002 3382 1085 3438 enim
1098 3381 1190 3440 West.
1208 3381 1374 3451 desiderat,

270 3477 302 3526 ut
322 3471 414 3528 etiam
435 3472 555 3532 aDinia
575 3479 754 3552 explanetur
765 3483 864 3556 ipsum
882 3501 949 3540 esse
962 3483 1082 3540 fratrem
1104 3483 1206 3540 matris
1217 3482 1372 3558 Stephani.

268 3569 358 3642 Nam,
387 3575 474 3650 quod
506 3576 641 3654 videam,
673 3596 743 3635 cum
775 3589 879 3637 orator
904 3585 919 3655 g
942 3597 981 3656 54
1008 3582 1148 3640 dixisset:
1176 3579 1239 3638 ἔστι
1270 3573 1328 3661 γὰρ
1353 3574 1372 3646 ν’.

340 3814 350 3854 ¹
370 3819 416 3868 Ad
436 3819 488 3869 hoc
510 3822 544 3870 cs.
566 3823 644 3874 huius
663 3825 732 3890 disp.
752 3843 778 3891 p.
799 3839 841 3890 33.

337 3902 350 3942 ²
369 3907 414 3955 Ad
433 3923 488 3957 rem
507 3909 601 3960 melius
621 3911 826 3976 intellegendam
846 3923 954 3964 stemma
973 3932 1093 3981 appono:

668 4001 863 4052 Theomnastus

709 4068 824 4246 Diplias

301 4257 485 4326 Stephanus
637 4265 877 4316 Theomnestns
1030 4267 1359 4333 t-—Apollodorue

651 4336 735 4396 (LIX,
760 4337 798 4388 16.
819 4340 853 4401 2.)
