3532 5038
909 377 948 456 36

378 557 493 638 (Demz
517 545 778 640 ψευδομαρτυριῶν.
809 559 911 622 Dim:
941 551 1081 640 βλάβης),
1112 563 1145 619 id
1177 564 1337 638 quomodo
1369 561 1483 621 factum

377 665 415 719 sit
442 662 526 736 apud
561 671 722 736 utrumque
750 680 874 736 prorsus
906 665 1020 720 eodem
1052 665 1148 721 modo
1181 683 1222 725 sc.
1253 683 1309 740 per
1334 667 1483 722 aoristum

377 765 459 820 verbi
475 764 608 838 primarii
626 765 734 820 addito
751 765 911 839 participio
924 766 1027 822 aoristi
1045 765 1160 842 (Dem.:
1181 757 1481 847 κατεμαρτύρησε...

376 855 571 946 μαρτυρήσας.
591 901 630 908 -
650 860 778 932 τάληθῆ
804 855 992 946 ἐμαρτύρησα
1020 857 1214 948 μαρτυρήσας.
1256 868 1349 930 Dim:
1370 863 1482 950 ἔβλαψε

379 1013 385 1027 .
408 1010 414 1024 .
437 1011 444 1022 .
467 1011 473 1024 .
495 955 721 1046 ὑποδεξάμενος)
746 970 869 1042 exprimi
889 969 1038 1028 videmus.

398 1100 400 1106 ·
456 1069 580 1140 Quodsi
611 1071 657 1127 vel
690 1069 747 1127 hac
784 1071 913 1128 efficitur
949 1073 1178 1145 comparatione
1211 1072 1290 1130 hanc
1321 1071 1416 1130 fuisse
1449 1075 1482 1130 in

374 1171 485 1229 talibus
526 1171 662 1229 formulis
699 1180 871 1246 temporum
909 1174 1176 1246 grammaticorum
1216 1175 1380 1244 rationem,
1414 1176 1475 1232 iam

375 1272 556 1346 antigrapha
564 1271 805 1330 Demosthenica
816 1291 885 1330 cum
896 1275 995 1331 verbis
1012 1275 1086 1348 ipsis
1097 1277 1226 1333 oratoris
1247 1272 1273 1353 (ξ
1285 1274 1335 1354 45)
1357 1277 1476 1348 collata,

374 1375 449 1430 illud
461 1375 560 1448 ipsum
573 1383 817 1431 consentaneum
829 1393 897 1432 esse
909 1377 1086 1434 edocemur.
1128 1375 1250 1434 Etenim
1263 1380 1294 1434 in
1305 1380 1400 1452 ipsius
1410 1395 1478 1436 ora-

374 1477 467 1534 tionis
490 1484 633 1533 contextu
655 1485 776 1550 tempus
797 1475 965 1550 perfectum
987 1473 1103 1555 (ἀληθη
1124 1469 1327 1557 μεμαρτύρηκε
1355 1513 1383 1523 -
1406 1499 1480 1559 μαρ

373 1568 512 1658 τυρησας)
533 1586 644 1648 exstat,
664 1580 746 1654 atqui
769 1581 794 1636 si
808 1579 946 1636 falsarius
970 1579 1049 1636 hanc
1064 1579 1224 1638 formulam
1243 1583 1479 1655 composuisset,

373 1688 493 1754 tempus
529 1682 760 1754 grammaticum
796 1680 944 1737 formulae
979 1683 1044 1738 sine
1082 1683 1179 1739 dubio
1211 1683 1354 1757 tempori,
1391 1684 1478 1758 quod

373 1790 470 1838 exstat
490 1783 522 1838 in
543 1783 691 1839 orationis
714 1783 810 1856 ipsius
824 1790 978 1853 contextu,
1000 1765 1280 1854 accommodasset;
1301 1786 1387 1860 quod
1408 1803 1478 1841 cum

375 1900 440 1938 non
469 1882 582 1939 factum
610 1885 815 1955 inveniamus,
850 1887 1018 1959 genuinam
1044 1886 1134 1942 nobis
1160 1885 1241 1942 hanc
1267 1885 1477 1960 antigrapham

374 1985 517 2041 traditam
537 2003 606 2041 esse
629 1986 834 2047 censebimus.

453 2087 588 2144 Similem
609 2089 642 2143 in
663 2088 792 2144 modum
820 2095 911 2163 atque
938 2088 995 2144 hae
1022 2089 1104 2144 duae
1131 2087 1279 2146 formulae
1306 2083 1477 2168 ἀντωμοσία

372 2190 404 2244 in
431 2207 526 2246 causa
554 2191 702 2246 adversus
729 2188 888 2246 Socratem
914 2189 1105 2246 conformata
1124 2198 1179 2250 est.
1221 2189 1294 2261 Quo
1314 2191 1384 2246 loco
1406 2208 1475 2247 cum

372 2293 497 2348 verbum
520 2286 793 2372 ἀνθομολογεῖσθαι
814 2299 926 2361 exstet,
954 2309 1029 2347 num
1050 2291 1081 2347 in
1102 2292 1183 2365 ipsa
1206 2294 1328 2348 actione
1351 2292 1477 2365 simplex

371 2394 576 2449 nominativus
610 2394 712 2449 dativo
747 2394 905 2467 appositus
943 2391 1049 2462 fuerit,
1089 2393 1253 2449 diiudicari
1285 2394 1332 2449 vix
1366 2401 1477 2467 potest.

371 2491 558 2568 Ceteroquin
577 2496 654 2550 ratio
667 2494 836 2551 accusandi
853 2494 945 2567 plane
960 2511 1029 2550 cum
1042 2495 1250 2551 accusationis
1262 2495 1381 2552 ratione
1392 2496 1476 2568 apud

370 2593 613 2652 Demosthenem
626 2603 655 2652 et
665 2593 853 2651 Dinarchum
865 2596 1015 2667 congruit,
1031 2595 1088 2651 nisi
1102 2597 1187 2670 quod
1198 2603 1318 2669 tempus
1329 2614 1475 2670 praesens

371 2697 479 2753 addito
494 2689 652 2772 participio
668 2697 837 2770 praesentis
850 2683 958 2773 (ἀδικεῖ
967 2684 1101 2774 νομίζων)
1116 2715 1171 2770 pro
1187 2699 1302 2754 aoristo
1319 2699 1474 2772 reperitur.

450 2799 603 2856 Festivum
626 2800 761 2874 denique
792 2799 960 2856 accusandi
986 2800 1221 2856 instrumentum
1248 2800 1333 2872 apud
1360 2800 1474 2855 Aristo-

368 2901 501 2975 phanem
528 2909 693 2970 servatum,
724 2919 784 2976 qua
815 2902 848 2957 in
877 2901 1058 2958 sollemnem
1088 2879 1294 2958 accusationis
1324 2897 1474 2958 rationem

368 3005 503 3060 iocatum
539 3021 606 3060 esse
641 3011 765 3076 poetam
800 3004 1035 3060 existimandum
1064 3001 1136 3073 est,¹
1167 3005 1297 3060 maxime
1329 3021 1348 3059 a
1379 3003 1473 3059 tribus

368 3105 513 3178 exemplis
535 3103 695 3179 hucusque
710 3106 889 3162 examinatis
912 3105 1055 3163 abhorret
1074 3123 1175 3180 neque
1192 3107 1361 3180 quidquam
1382 3104 1474 3161 habet

370 3224 533 3262 commune
546 3208 604 3262 nisi
622 3224 710 3262 usum
725 3223 836 3264 census
853 3207 885 3262 in
899 3207 959 3262 fine
971 3209 1115 3265 actionis:
1138 3207 1212 3264 Non
1224 3215 1257 3263 ut
1277 3208 1308 3262 in
1321 3207 1473 3279 prioribus

367 3308 512 3381 exemplis
540 3308 709 3364 accusandi
739 3309 864 3364 verbum
893 3318 945 3366 aut
972 3327 1096 3383 prorsus
1123 3297 1271 3366 omissum
1298 3315 1351 3364 aut
1378 3341 1417 3349 -
1440 3315 1472 3364 nt

367 3411 450 3482 apud
471 3408 570 3468 Lacrt.
591 3408 630 3466 D.
651 3410 777 3466 verbum
802 3400 954 3490 ἐγράψατο
975 3445 1014 3452 -
1035 3429 1099 3485 per
1124 3430 1160 3468 se
1182 3413 1316 3486 positum
1337 3418 1392 3479 est,
1415 3411 1470 3465 sed

369 3529 448 3586 quae
476 3511 536 3568 illic
567 3512 776 3586 exprimuntur
813 3515 972 3569 enuntiato
1009 3515 1166 3587 primario,
1205 3513 1254 3569 hic
1287 3512 1426 3586 pendent
1453 3529 1471 3566 a

367 3614 461 3670 verbo
495 3614 664 3670 accusandi
695 3604 862 3694 ἑγράψατσ;
893 3632 985 3688 porro
1013 3615 1159 3671 delictum
1180 3597 1386 3679 commissum,
1407 3627 1471 3665 non

370 3716 529 3788 participio
553 3715 740 3788 significatur
762 3717 818 3772 sed
838 3717 986 3790 particula
996 3709 1051 3774 ὅτι.
1083 3716 1189 3791 Itaque
1212 3733 1272 3789 ego
1285 3714 1320 3770 iis
1332 3712 1471 3768 assentiri

367 3835 505 3892 nequeo,
535 3819 586 3892 qui
607 3817 653 3874 his
674 3818 812 3874 versibus
834 3817 1021 3875 sollemnem
1035 3819 1186 3875 contineri
1214 3817 1353 3872 iudicent
1379 3831 1470 3871 accu-

367 3920 457 3976 sandi
479 3919 563 3993 apud
585 3920 702 3976 Atticos
724 3921 888 3990 rationem;
915 3921 1009 3976 immo
1033 3921 1129 3976 tribus
1158 3918 1294 3974 formulis
1320 3917 1471 3992 prioribus

365 4023 523 4096 perpensis
540 4029 570 4076 et
583 4023 661 4076 inter
681 4040 714 4077 se
726 4023 918 4096 comparatis
940 4023 997 4078 illis
1019 4023 1150 4077 maxime
1159 4021 1327 4094 genuinum
1341 4021 1470 4077 actionis

365 4125 537 4198 exemplum
558 4123 692 4180 exhiberi
714 4125 804 4181 nobis
826 4125 989 4182 statuerim.

438 4342 448 4382 ¹
465 4347 527 4398 vide
545 4363 572 4415 p.
593 4357 635 4410 35.
