3532 5038
784 348 818 408 10

329 519 393 576 lam
414 518 565 592 intellegis
586 517 632 573 vel
654 534 690 574 ex
710 515 817 590 paucis
844 515 901 570 illis
923 513 998 570 locis
1018 513 1097 570 inter
1119 531 1152 570 se
1174 513 1353 588 conspiran-

249 623 330 680 tibus
344 618 546 696 syngrapham
568 626 642 675 orat.
684 615 796 685 XXXV
816 633 940 690 prorsus
962 615 1119 672 scribendi
1131 616 1250 684 rationi,
1272 633 1353 690 quae

250 732 314 780 tum
340 724 371 780 in
402 723 512 779 talibus
539 721 678 777 formulis
709 718 934 792 componendis
963 717 1090 774 Athenis
1112 718 1144 772 in
1172 735 1229 774 usu
1259 715 1352 774 fuisse

250 827 379 893 videtur,
400 831 641 881 consentaneam
664 839 740 880 esse.

330 927 437 1001 Itaque
459 926 499 982 de
513 923 694 980 auctoritate
709 923 774 978 eius
785 922 846 978 iam
868 939 931 980 non
947 921 1139 990 dubitemus;
1161 921 1353 994 gaudeamus

251 1031 354 1102 potius
375 1027 466 1088 nubis
488 1027 512 1084 si
533 1027 635 1082 minus
657 1025 748 1098 plane
768 1019 947 1098 integram,1
968 1031 1048 1080 certe
1070 1041 1183 1098 magna
1204 1041 1241 1079 ex
1268 1032 1352 1096 parte

250 1132 399 1204 integram
421 1137 570 1186 servatam
589 1145 659 1184 esse
681 1125 840 1182 formulam
861 1126 966 1194 talem,
988 1143 1048 1200 qua
1070 1126 1159 1182 nobis
1181 1125 1352 1181 subsidium

250 1231 334 1288 haud
356 1231 566 1305 spernendum
587 1231 628 1286 ad
649 1230 870 1285 institutionem
887 1229 1072 1302 antiquitatis
1088 1245 1218 1300 graecae
1236 1245 1353 1300 cogno-

251 1335 398 1390 scendam
419 1333 589 1406 praebetur.

628 1481 679 1539 ΙΙΙ.
701 1481 754 1538 De
776 1483 859 1556 lege
877 1481 900 1554 ’,Ε
922 1497 970 1556 51.

332 1595 488 1658 ΝΟΜΟΣ.
529 1595 679 1682 Ἀργύριον
700 1589 733 1660 δὲ
756 1593 796 1680 μὴ
824 1589 930 1672 ἐξεῖναι
956 1589 1090 1659 ἐκδοῦναι
1109 1596 1282 1664 Ἀθηναίων
1301 1597 1354 1657 καὶ

250 1703 311 1760 τῶν
331 1699 475 1783 μετοίκων
496 1703 557 1760 τῶν
577 1694 721 1770 Ἀθήνησι
741 1695 956 1784 μετοικούντων
976 1691 1086 1781 μηδενὶ,
1112 1690 1188 1782 μηδὲ
1211 1690 1251 1758 ὧν
1271 1689 1352 1759 οὗτοι

249 1797 338 1886 κύριοί
346 1802 439 1874 stent,
461 1806 500 1872 εἰς
515 1806 585 1860 ναῦν
593 1799 658 1873 ἥτις
671 1795 707 1862 ἂν
720 1797 761 1886 μὴ
777 1801 874 1885 μέλλῃ
886 1794 965 1876 ἄξειν
976 1811 1056 1862 σῖτον
1069 1792 1243 1874 Ἀθνᾞναζεῆ
1266 1845 1351 1863 .....

250 1898 303 1964 ἐὰν
329 1892 363 1962 δι’
388 1925 432 1973 τις
461 1893 538 1982 ἐκδῷ
566 1898 647 1987 παρὰ
679 1902 779 1978 ταῦτ’,
812 1899 884 1964 εἶναι
914 1899 968 1972 τὴν
993 1896 1079 1988 φάσιν
1109 1903 1160 1963 καὶ
1191 1898 1245 1971 τὴν
1262 1893 1352 1962 ’ἀπο-

250 2000 362 2090 γραφὴν
382 2008 437 2088 τοῦ
458 2003 593 2088 ἀργυρίου
619 2001 686 2089 πρὸς
706 2001 776 2078 τοὺς
798 1999 991 2088 ἐπιμελητάς,
1013 1999 1099 2064 καθὰ
1121 2005 1184 2088 περὶ
1202 2007 1257 2074 τῆς
1282 1999 1352 2074 νεὼς

250 2107 302 2167 καὶ
328 2111 382 2166 τοῦ
411 2105 493 2166 σίτου
521 2107 646 2188 είρηται,
672 2099 755 2164 κατὰ
783 2107 893 2164 ταῦτα.
934 2103 986 2163 καὶ
1012 2093 1078 2171 δίκη
1105 2101 1189 2182 αὐτῷ
1212 2097 1252 2184 μὴ
1275 2104 1353 2162 ἔστω

249 2209 313 2289 περὶ
337 2211 392 2269 τοῦ
419 2206 566 2291 ἀργυρίου,
600 2205 616 2266 ὃ
645 2198 681 2266 οἶν
709 2197 786 2285 ἐκδῷ
815 2201 926 2266 ἄλλοσέ
954 2227 1003 2266 ποι
1032 2197 1051 2274 ἢ
1074 2196 1244 2279 Ἀθήναζε,
1278 2196 1353 2286 μηδὲ

250 2305 327 2392 ἀρχὴ
349 2307 497 2394 εἰσαγέτω
524 2307 588 2390 περὶ
607 2301 717 2368 τούτου
744 2298 882 2387 μηδεμία.

330 2413 378 2468 En
411 2405 528 2487 partem
560 2413 634 2486 legis
669 2412 761 2480 illius,
796 2429 857 2486 qua
886 2411 1124 2468 Atheniensibus
1157 2411 1352 2468 interdictum

250 2523 323 2584 erat,
344 2533 383 2570 ne
396 2515 427 2570 in
439 2515 497 2570 alia
518 2514 656 2587 emporia
676 2513 734 2569 nisi
756 2514 786 2570 in
807 2515 943 2587 ipsorum
958 2512 1142 2570 frumentum
1157 2515 1354 2588 importarent

250 2635 326 2673 neve
350 2619 492 2692 cuiquam
514 2617 677 2690 pecuniam
698 2615 885 2672 collocarent
907 2617 1033 2672 nomine
1056 2617 1153 2684 navis,
1182 2633 1261 2690 quae
1289 2632 1354 2670 non

250 2717 384 2774 Athenas
412 2736 516 2774 rursus
547 2725 628 2773 esset
655 2719 798 2777 reditura.
840 2717 920 2772 Dico
941 2725 1072 2792 partem;
1101 2736 1172 2774 narn
1201 2719 1354 2792 posterius

249 2821 483 2888 tantummode,
517 2819 603 2894 quod
630 2821 760 2875 maxime
794 2821 835 2874 ad
870 2804 999 2876 oratoris
1026 2820 1117 2876 verba
1139 2820 1355 2875 antecedentia

254 2926 379 2993 spectat,
396 2921 514 2975 recitari
529 2919 694 2978 videmus⁴¹
735 2919 846 2976 Totam
858 2928 959 2976 autem
977 2921 1075 2995 legem
1095 2923 1137 2977 ita
1148 2928 1355 2994 comparatam

251 3021 346 3078 fuisse
366 3029 458 3094 put0,
488 3029 520 3078 ut
540 3023 669 3096 primum
696 3023 944 3090 interdiceretur,
973 3042 1010 3079 ne
1032 3023 1100 3097 quis
1123 3021 1355 3078 Atheniensium

250 3123 308 3178 nisi
338 3123 368 3177 in
392 3123 578 3179 Athenarum
607 3125 777 3198 emporium
807 3124 991 3181 frumentum
1018 3124 1187 3192 inveheret,
1217 3125 1303 3198 quod
1326 3131 1356 3180 et

250 3241 286 3278 ex
313 3225 443 3280 oratoris
466 3224 586 3280 verbisf»
610 3233 639 3281 et
661 3243 697 3282 ex
719 3227 867 3301 particula
889 3215 922 3284 bel
944 3218 1086 3307 (ἀργύριον
1112 3215 1170 3302 δέ),
1198 3227 1355 3282 indicante

250 3325 310 3379 iam
340 3324 429 3378 aliam
459 3326 676 3382 condicionem
705 3329 837 3402 aliquam
866 3329 1069 3384 antecessisse
1095 3328 1209 3392 elucet,
1237 3325 1376 3384 deinde.

327 3590 337 3628 ¹
357 3595 424 3644 Vide
439 3595 668 3654 Biichsenschiitz,
694 3599 782 3648 Besitz
803 3601 854 3648 und
870 3600 982 3650 Erwcrb
1002 3599 1036 3647 im
1058 3615 1095 3662 gr.
1118 3595 1218 3663 Altjp.
1236 3601 1296 3661 486,
1314 3617 1354 3664 sq.

319 3678 382 3724 2=
403 3683 464 3752 μηδέ
486 3701 530 3734 τινι
554 3679 665 3748 τούτων1
694 3673 728 3735 ὧν
758 3675 826 3737 οὗτοι
850 3696 899 3749 (sc.
921 3685 1049 3751 Ἀθηναῖοι
1069 3687 1109 3736 vel
1130 3686 1246 3754 μέτοικοι)
1276 3680 1353 3753 κύριοί

251 3764 316 3820 εἰσιν.
356 3772 390 3820 cs.
412 3772 454 3820 ed.
474 3773 551 3822 Dem.
570 3773 602 3822 G.
623 3775 658 3823 H.
679 3773 825 3824 Schaeseri.
1322 3837 1324 3841 ,

322 3853 334 3892 3
353 3860 441 3907 Recte
461 3860 588 3909 Reiskius
608 3862 689 3910 verba
707 3870 769 3926 post
785 3857 915 3926 Ἀθήναζε,
938 3878 1003 3928 quae
1023 3863 1144 3911 inlibris
1166 3863 1288 3926 leguntur
1316 3861 1356 3911 καὶ

250 3933 332 3993 τᾶλλα
360 3939 391 3994 τὰ
419 3946 572 4015 γεγραμμένα
596 3946 647 4014 περὶ
672 3943 770 4008 ἑκάςτου
792 3945 875 3998 αὐτῶν
894 3966 947 3998 non
972 3951 1004 3998 ad
1030 3950 1116 4012 legem
1138 3952 1280 4016 pertinere,
1309 3952 1356 3999 sed

251 4029 350 4079 oratori
371 4033 513 4082 tribuenda
534 4051 592 4084 esse
611 4036 752 4085 intellexit.

320 4115 333 4152 4
353 4119 413 4166 vide
430 4121 501 4182 quod
520 4121 555 4170 U.
567 4123 723 4172 Koehlerus
742 4123 791 4172 hac
802 4125 835 4172 de
854 4140 882 4172 re
893 4125 1047 4190 disputavit.
1077 4127 1202 4192 (Hermes
1214 4128 1239 4175 Il
1258 4143 1284 4192 p.
1302 4125 1356 4190 31.)

320 4201 365 4268 55
390 4217 430 4268 50.
468 4200 512 4264 τὸν
533 4202 609 4276 νόμον
633 4206 666 4268 ὠς
684 4205 801 4276 χαλεπός1
823 4209 899 4274 ἐστιν,
924 4206 966 4260 ἐοίν
990 4230 1024 4270 τις
1039 4209 1180 4275 Ἀθηναίων
1205 4209 1298 4263 ἄλλοσέ
1315 4231 1356 4262 ποι
1414 4237 1417 4245 «

252 4287 367 4358 σιτηγήςῃ
383 4289 399 4357 ἧ
414 4287 542 4358 Ἀθήναζε,
580 4297 615 4345 cs.
636 4297 749 4361 Lycurg.
770 4299 866 4348 Leocr.
887 4299 902 4364 ἓ
923 4311 964 4363 27.

1187 4390 1204 4441 2
