3532 5038
782 447 783 450 ¹
886 421 905 480 5

343 587 605 666 praestantissimo
631 586 683 642 iilo
711 587 787 642 libro
815 603 879 642 non
900 585 1072 656 exhibetur,
1106 606 1144 644 ne
1174 591 1247 647 tanti
1276 589 1370 648 facias
1397 608 1447 648 ca-

343 693 478 748 vendum
500 697 555 746 est.
597 688 676 745 Nam
697 688 720 744 si
743 688 915 744 orationem
936 689 976 744 de
989 707 1106 746 corona
1126 693 1315 766 respicimus,
1337 694 1369 749 in
1385 711 1447 767 qua

343 791 489 849 formulas
511 808 634 858 omnem,
671 807 846 865 quanquam
867 790 900 846 in
922 790 1032 846 codice
1054 785 1081 847 Σ
1103 793 1274 870 ceterisque
1296 795 1447 869 leguntur,

344 894 428 950 fictas
454 911 521 950 esse
548 882 734 966 patefactum
761 897 807 948 est
833 891 920 965 sique
949 909 1041 965 porro
1069 893 1241 950 orationem
1268 896 1300 952 in
1329 894 1447 952 Macar-

343 1003 439 1052 tatum
468 993 726 1068 contemplamur,
760 994 847 1050 cuius
875 993 932 1050 litis
965 995 1180 1065 instrumenta,
1217 998 1352 1071 quamvis
1382 1017 1446 1055 non

344 1103 461 1154 exstent
481 1097 513 1152 in
534 1096 617 1152 libris
640 1095 762 1169 optimis
785 1091 812 1153 F
824 1089 851 1152 Σ
862 1090 892 1152 Φ
904 1091 947 1165 Β,
974 1096 1110 1170 genuina
1130 1115 1200 1154 esse
1228 1099 1371 1156 effectum
1392 1108 1446 1170 est,

344 1199 489 1255 codicum
502 1190 714 1254 auctoritatem
736 1196 793 1253 hac
814 1197 847 1252 in
869 1215 900 1253 re
922 1215 987 1253 non
1009 1198 1093 1254 nimii
1110 1199 1257 1272 ponderis
1279 1218 1348 1258 esse
1370 1219 1446 1258 con·

342 1299 491 1356 fitendum
512 1299 576 1355 erit.

428 1401 496 1458 Nec
516 1401 693 1465 mirumest
714 1419 777 1457 rem
797 1401 839 1456 ita
860 1419 893 1457 se
919 1399 1031 1457 habere
1053 1402 1143 1458 nobis
1154 1403 1358 1461 iudicandum
1369 1423 1446 1464 esse.

343 1503 424 1562 Nam
453 1503 478 1560 si
508 1503 604 1559 modo
635 1503 800 1559 retinemus
822 1500 967 1559 formulas
994 1502 1059 1560 illas
1088 1504 1129 1559 ob
1157 1511 1278 1560 oratore
1304 1505 1373 1580 ipso
1400 1506 1446 1562 in-

344 1613 439 1662 sertas
466 1623 534 1662 esse
562 1603 772 1661 orationibus1
804 1611 835 1661 et
860 1611 925 1660 tum
951 1605 1090 1674 demum,
1123 1623 1193 1662 cum
1219 1607 1373 1680 genuinae
1400 1607 1445 1664 vel

342 1707 400 1764 hac
424 1707 470 1763 vei
491 1706 542 1762 ilia
563 1706 604 1762 de
631 1724 725 1763 causa
748 1707 947 1776 excidissent,
975 1706 1129 1764 falsarium
1155 1707 1287 1782 aliquem
1309 1709 1444 1782 speciem

340 1808 528 1882 antiquitatis
556 1807 751 1864 affectantem
778 1809 824 1878 id,
862 1808 948 1882 quod
984 1809 1044 1864 iarn
1080 1826 1144 1865 non
1174 1817 1290 1866 exstare
1318 1809 1445 1880 videret,

340 1911 381 1966 de
409 1928 466 1966 suo
495 1909 610 1983 fingere
636 1917 667 1965 et
695 1910 834 1966 ementiri
866 1910 1037 1976 studuisse,
1070 1908 1157 1967 facile
1188 1911 1373 1986 intellegitur
1400 1912 1445 1970 vei

341 2013 474 2086 optimos
503 2011 596 2067 libros
626 2011 737 2068 talibus
759 2012 940 2067 commentis
962 2012 1105 2068 inanibus
1126 2013 1278 2087 inquinari
1299 2016 1446 2088 potuisse,

341 2131 411 2170 cum
439 2120 546 2170 contra
581 2113 613 2168 in
648 2113 808 2170 codicibus
837 2114 1017 2188 ceteroquin
1049 2115 1150 2178 minus
1177 2115 1267 2172 bonis
1298 2115 1446 2174 formulae

339 2215 409 2273 iliae
443 2219 580 2290 integrae
619 2223 711 2289 atque
742 2216 936 2289 incorruptae
971 2233 1025 2289 per
1061 2216 1226 2273 decursum
1252 2218 1446 2275 saeculorum

340 2338 413 2379 casu
433 2337 532 2394 usque
555 2319 596 2374 ad
617 2317 697 2374 hanc
719 2325 850 2373 aetatem
871 2326 1120 2392 propagarentur.

422 2420 488 2497 Jam
511 2421 655 2477 codicum
678 2419 810 2475 lectione
837 2419 968 2476 stabilita
988 2420 1165 2477 testimonia
1186 2422 1357 2480 accuratius
1378 2439 1446 2496 per·

339 2525 525 2598 pendamus.
574 2521 687 2579 Orator
718 2539 788 2578 cum
815 2526 830 2596 ξ
856 2539 875 2598 q
903 2522 1042 2579 dixisset:
1075 2516 1156 2602 Λέγε
1183 2512 1238 2588 τὴν
1267 2507 1445 2604 σὺγγραφὴν,

340 2617 407 2682 εἶτα
420 2617 477 2693 τὰς
487 2620 656 2703 μαρτυρίας,
677 2624 755 2680 lecta
768 2623 939 2699 syngrapha
959 2624 1072 2682 verbis:
1093 2618 1165 2704 λέγε
1177 2612 1272 2689 δὴκαῖ
1297 2616 1354 2694 τάς
1372 2645 1446 2707 pap·

337 2723 438 2804 τυρίας
460 2745 492 2784 se
516 2727 557 2783 ad
581 2727 712 2784 scribam
739 2727 895 2782 convertit.
936 2725 1010 2782 Post
1037 2725 1114 2783 haec
1140 2728 1245 2796 verba,
1270 2746 1445 2804 quanquam

338 2848 432 2887 unum
461 2830 679 2886 tantummodo
708 2829 918 2886 testimonium
946 2829 1068 2903 legitur,
1103 2829 1248 2903 scripturn
1272 2830 1445 2889 invenimus

339 2932 450 2988 lemma
472 2925 714 2988 MAPTTPInt
736 2938 767 2985 et
792 2929 876 2986 haud
897 2931 939 2986 ita
960 2929 1055 2986 multo
1077 2937 1148 3004 post
1168 2934 1183 3004 ᾗ
1206 2929 1300 3004 14,8.2
1341 2927 1446 2989 ΜΑΡ-

340 3029 368 3090 T
371 3027 491 3104 TPJA,
514 3050 584 3089 eum
605 3043 658 3090 aut
679 3032 780 3106 priore
801 3032 1015 3088 tantummodo
1038 3031 1108 3089 loco
1129 3026 1371 3090 MAPTTPIAI
1394 3041 1447 3091 aut

338 3144 471 3210 utroque
493 3135 563 3191 ioco
587 3129 814 3192 ΜΑΡΤΤΡΙΑ
836 3135 1059 3192 desideremus

417 3237 488 3310 Qua
510 3238 541 3293 in
563 3255 594 3293 re
617 3255 682 3293 non
702 3244 862 3311 tantopere
884 3236 1199 3294 cumWestermanno
1217 3237 1443 3294 offendendum

338 3359 405 3398 esse
428 3339 578 3408 existim0,
601 3357 670 3395 cum
692 3339 852 3413 quomodo
875 3339 935 3395 hoc
957 3337 1070 3395 sactum
1092 3339 1139 3402 sit,
1163 3357 1227 3396 non
1245 3348 1307 3396 tam
1321 3337 1445 3396 difficile

339 3441 376 3496 sit
403 3441 444 3496 ad
472 3440 722 3514 intellegendum.
766 3439 838 3496 Sine
866 3441 963 3497 dubio
991 3441 1073 3497 enim
1098 3441 1182 3516 prius
1210 3441 1322 3498 lemma
1340 3436 1445 3498 ΜΑΡ-

339 3536 491 3599 ΤΤΡΙΑΙ
512 3543 552 3598 ad
570 3549 732 3617 utrumque
747 3543 904 3616 spectabat
917 3540 1163 3613 testimonium;³
1185 3544 1242 3601 sed
1264 3561 1335 3600 cum
1356 3552 1446 3602 tenor

337 3644 543 3718 legendorum
575 3644 819 3701 testimoniorum
853 3643 1068 3702 adhortatione
1102 3645 1152 3701 illa
1188 3645 1319 3703 oratoris
1353 3641 1444 3722 (14,1)

336 3739 408 3825 λέγε
432 3780 467 3788 -
490 3741 651 3824 μαρτυρίαν
671 3747 856 3822 interruptus
879 3754 974 3817 esset,
1003 3746 1155 3817 librarius,
1182 3764 1273 3822 quem
1300 3747 1443 3805 omnibus

410 4012 418 4051 ¹
437 4017 483 4081 Jo.
504 4017 582 4066 Gust.
603 4017 726 4082 Droysen
743 4017 761 4066 l.
782 4033 804 4066 c.
825 4033 851 4082 p.
874 4028 932 4080 539.

409 4099 645 4166 21ntellegashic
664 4111 691 4154 et
710 4105 837 4170 deinceps
857 4121 981 4154 numeros
1001 4105 1158 4171 exemplaris
1177 4105 1340 4156 Turiceusis.

405 4187 597 4240 3Accuratius
627 4192 727 4240 oratori
754 4193 896 4242 dicendum
924 4201 981 4242 erat
1009 4194 1035 4242 in
1063 4193 1153 4259 priore
1178 4193 1366 4243 adhortatione
1397 4193 1443 4242 iila

335 4275 391 4340 λέγε
410 4269 440 4341 δὴ
460 4275 500 4326 καλ
519 4269 563 4336 τὰς
582 4277 712 4346 μαρτυρίας
729 4276 769 4328 καλ
788 4278 886 4345 πρῶτον
904 4272 948 4344 τὴν
968 4273 1059 4330 τούτου
1077 4277 1126 4349 παῤ
1144 4267 1283 4348 ᾦκεῖταιὴ
1304 4273 1442 4348 συγγραφή,

334 4381 387 4432 quo
408 4365 490 4428 magis
510 4366 645 4433 posterior
664 4366 816 4416 adhortatio
836 4367 973 4434 probetur.
1011 4365 1057 4436 (ci.
1077 4367 1093 4437 ᾖ
1112 4371 1165 4434 33.)
