3532 5038
902 299 940 360 34

734 463 770 520 ΙΙ.
793 463 846 521 De
868 465 1108 539 antigrapha.

790 561 1051 624 xn'rtrnxou.
1341 545 1350 572 '

354 721 357 725 .
407 659 627 751 Ἀπολλόδωρος
660 663 816 737 Πασίωνος
846 663 923 766 ‘ri-f
986 665 1121 736 Τάληθῆ
1148 660 1334 750 ἐμαρτύρησα
1360 689 1473 750 μαρτυ-

370 767 493 858 χαρνεύς
529 761 676 852 Στεφάνῳ
713 764 896 838 Μενεκλέους
917 769 920 856 ί
945 760 1033 850 ρησας
1062 768 1104 829 τὰ
1138 769 1167 832 ἐν
1197 772 1243 848 τῷ
1276 769 1473 852 γραμματείῳ

368 875 510 958 Ἀχαρνεῖ
522 862 788 954 ψευδομαρτυριῶν·
807 866 895 949 τίμη-
944 869 1142 953 γεγραμμένα.

370 1000 414 1061 μα
439 967 599 1036 τάλαντον.
651 965 693 1031 τά
720 961 811 1051 ψευδῆ
838 991 895 1051 μου

368 1068 611 1160 κατεμαρτύρησε
639 1069 791 1156 Στέφανος
822 1092 894 1155 μαρ-

367 1172 495 1262 τυρήσας
515 1172 557 1238 τά
583 1175 613 1236 ἐν
633 1177 679 1252 τῷ
699 1171 895 1257 γραμματείῳ
1401 1223 1416 1255 o

367 1278 568 1366 γεγραμμένα·

448 1384 497 1441 De
517 1382 608 1440 huius
621 1381 779 1439 “formulae
803 1379 958 1437 scribendi
980 1379 1099 1434 ratione
1125 1378 1166 1434 ad
1187 1387 1365 1454 apparatum
1393 1379 1474 1436 eriti-

371 1506 440 1545 cum
462 1485 500 1546 G.
521 1485 560 1545 H.
582 1483 757 1542 Schaeseril
780 1483 925 1550 lectorem
947 1483 1100 1538 remisisse
1115 1481 1187 1537 satis
1209 1479 1321 1540 habeo,

449 1587 496 1644 De
527 1587 708 1643 auctoritate
735 1592 853 1654 autem,
886 1585 926 1640 de
967 1601 1031 1658 qua
1063 1587 1140 1642 sicut
1173 1583 1215 1638 de
1241 1584 1471 1658 insequentium

369 1688 639 1743 instrumentorum
668 1700 760 1739 nemo
789 1682 964 1756 hucusque,
995 1683 1082 1756 quod
1113 1683 1222 1753 seiam,
1256 1687 1471 1760 quaestionem

370 1787 515 1854 instituit,
554 1803 622 1841 eam
663 1786 704 1840 ob
731 1801 856 1841 cansam
883 1783 967 1840 haud
994 1783 1081 1840 facile
1109 1792 1155 1841 est
1183 1787 1332 1844 iudicium
1361 1787 1472 1856 faeere,

370 1890 518 1964 quoniam
539 1888 630 1943 unica
652 1895 698 1944 est
718 1886 795 1943 haec
815 1872 1009 1960 antigrapha,
1038 1904 1117 1961 quae
1138 1895 1268 1944 aetatem
1290 1890 1371 1960 tulit;
1400 1909 1471 1966 nam

373 1989 534 2046 termulam
561 1989 642 2045 illam
670 1987 896 2063 Hyperidem,
926 1989 1013 2044 cuius
1036 1987 1285 2063 Harpocrati0n²
1314 1993 1471 2050 etiamtum

369 2092 559 2148 mentionem
582 2091 647 2158 init,
669 2107 731 2146 non
754 2091 795 2144 ad
816 2107 875 2145 nos
896 2090 1073 2162 pervenisse
1084 2090 1281 2148 vehementer
1300 2093 1471 2150 dolendum

369 2201 424 2253 est.
465 2191 598 2261 Tamen,
628 2193 652 2248 si
681 2192 782 2247 minus
809 2191 904 2246 altera
929 2190 1120 2264 sungrapha,
1154 2200 1236 2248 certe
1262 2192 1333 2248 huie
1361 2195 1472 2251 instru-

367 2304 472 2352 mento
493 2295 549 2350 tria
560 2294 709 2350 simiiiima
727 2291 829 2348 adhue
841 2299 969 2360 exstant,
991 2294 1032 2349 ita
1045 2301 1077 2348 ut
1099 2292 1228 2349 fortasse
1241 2297 1471 2368 comparatione

371 2397 449 2452 facta
471 2404 500 2451 et
521 2395 759 2451 ratiocinatione
791 2393 928 2450 adhibita
949 2395 989 2450 ad
1019 2395 1152 2469 aliquam
1182 2397 1288 2452 iudicii
1309 2397 1472 2470 probabiti-

368 2507 460 2553 tatem
482 2498 514 2552 in
536 2497 597 2551 iide
619 2497 822 2551 diiudicanda
845 2497 1004 2568 pervenire
1026 2497 1116 2552 nobis
1138 2499 1305 2571 contingat.

449 2591 548 2672 Atque
570 2599 676 2670 primo
690 2597 759 2653 loco
781 2597 911 2652 actionis
933 2596 1062 2653 formula
1082 2617 1118 2654 ex
1138 2601 1278 2656 oratione
1298 2599 1472 2658 Dinarchea

371 2702 517 2758 adversus
546 2697 719 2755 Proxenum
747 2697 851 2754 habita
877 2717 896 2754 a
916 2697 1066 2774 Dionysio
1094 2699 1354 2758 Halicarnasse03
1381 2703 1471 2758 nobis

367 2803 478 2858 tradita
500 2809 556 2869 est,
579 2802 666 2857 euius
689 2801 781 2857 rerba
801 2802 931 2857 maxime
952 2802 992 2857 ad
1015 2819 1078 2858 rem
1102 2804 1270 2876 spectantia
1288 2805 1471 2868 exscribam:

373 2899 527 2984 Δείναρχος
554 2893 737 2983 Σωστράτου
760 2898 912 2981 Κορίνθιος
931 2891 1071 2982 Προξένῳ
1093 2925 1117 2961 ω
1144 2894 1253 2984 σύνειμι
1278 2894 1393 2982 βλάβης
1413 2923 1470 2961 τα-

367 2996 487 3090 λάντοιν
507 2994 567 3064 δύο.
590 2999 702 3085 ἔβλαψέ
723 3022 760 3082 με
772 2993 915 3084 Πρόξενος
935 2992 1149 3082 ὑποδεξάμενος
1170 3008 1209 3074 εἰς
1229 2998 1284 3072 την
1304 3002 1396 3064 οἰκίαν
1416 2998 1471 3064 τίν

368 3106 477 3166 ἑαυτοῦ
490 3151 582 3165 .....
624 3107 671 3164 De
703 3107 764 3163 fide
793 3105 883 3162 huius
912 3105 1089 3179 fragmenti,
1122 3108 1207 3180 quod
1240 3125 1304 3164 non
1339 3109 1470 3166 orationi

368 3211 424 3282 ipsi
462 3211 624 3277 insertum,
660 3209 716 3264 sed
747 3209 847 3281 ipsum
882 3225 1007 3282 quoque
1041 3209 1276 3266 instrumentum
1312 3208 1407 3266 fuisse
1433 3228 1469 3266 ex

368 3309 509 3384 Dionysii
531 3291 644 3368 verbis:
672 3304 877 3389 προσκειμένην
905 3296 931 3366 δ’
955 3307 1017 3389 ἔχει
1036 3301 1091 3376 τὴν
1108 3303 1220 3391 γραφὴν
1248 3301 1363 3378 ταύτην
1386 3311 1470 3368 εοίίὶ-

369 3413 478 3484 gimus,
500 3413 661 3485 primum
684 3414 829 3487 quoniam
851 3431 869 3469 a
889 3414 991 3469 iudice
1013 3413 1064 3469 ilio
1080 3413 1270 3470 nobilissimo
1284 3414 1469 3488 antiquitatis

368 3521 513 3588 tanquam
546 3516 717 3587 genuinum
744 3514 880 3584 affertur,
909 3515 1040 3571 dubitari
1063 3533 1129 3571 non
1149 3523 1264 3589 potest,
1294 3531 1469 3588 quanquam

369 3614 510 3688 profecto
533 3615 738 3672 offensionem
768 3617 900 3691 aliquam
926 3616 1030 3684 habet,
1061 3615 1191 3672 Proxeni
1218 3616 1335 3671 nomini
1357 3616 1387 3670 in
1411 3613 1469 3668 for·

368 3717 450 3772 mula
472 3717 579 3772 addita
605 3735 674 3774 esse
696 3734 751 3790 pro
780 3717 1003 3790 significatione
1031 3718 1123 3791 patris
1154 3718 1301 3792 pagiqne,
1324 3714 1468 3788 -quod

368 3819 399 3872 in
422 3819 564 3874 omnibus
587 3818 649 3875 fere
672 3819 826 3874 eiusmodi
848 3819 1055 3874 instrumentis
1077 3817 1189 3875 factum
1212 3835 1280 3873 esse
1298 3816 1469 3872 videbimus

368 3920 519 3976 -verba
542 3919 567 3996 ῳ
591 3909 708 3999 σύνειμι.
749 3917 855 3987 Tum,
882 3921 906 3975 si
935 3920 1060 3993 quidem
1088 3936 1159 3974 mox
1186 3918 1376 3974 inveniemus
1402 3925 1469 3973 tan·

367 4028 475 4094 tepere
499 4022 577 4078 inter
598 4039 630 4076 se
653 4022 827 4077 consentire
849 4019 928 4076 hanc
949 4019 1109 4076 formulam
1139 4027 1169 4074 et
1188 4008 1468 4089 Demo'stlrenieam,

370 4155 569 4162 ——.—----

443 4238 504 4292 ΠΙ.
524 4258 550 4306 p.
574 4241 631 4302 184.
738 4236 788 4289 ²s.
806 4258 830 4291 V.
852 4235 1004 4309 Ἀντιγραῳή.
1106 4237 1169 4290 ³V.
1189 4258 1215 4306 p.
1236 4243 1284 4304 635
1304 4243 1341 4292 R.
