3532 5038
856 347 987 443 24,Ι

403 513 546 571 Ceterum
568 515 714 589 quoniam
737 513 870 571 llleierus
890 515 955 587 ipse
978 514 1149 587 explanavit
1173 513 1255 572 hune
1281 517 1426 573 arbitrum

323 617 479 693 publicum
513 616 663 690 prioribus
696 615 823 690 quidem
858 616 1046 689 temporibus
1079 623 1174 685 sorte,
1207 615 1426 674 Demosthenis

324 726 427 776 autem
447 726 548 775 aetate
571 718 610 773 ab
631 718 703 791 ipsis
726 718 805 773 inter
825 735 904 792 quos
927 717 961 773 lis
983 724 1065 773 esset
1093 726 1228 774 creatum
1252 737 1330 788 esse,
1351 710 1427 794 quid

323 820 511 896 probabilius
533 827 580 896 est
606 837 712 894 quam,
740 837 810 876 cum
836 836 906 876 reus
930 817 1135 876 Acharnensis
1160 818 1261 890 fuerit,
1283 821 1427 877 arbitrum

324 924 424 997 ipsum
449 938 574 996 quoque
603 939 639 976 ex
672 921 785 977 eodem
813 938 894 994 pago
923 937 992 977 esse
1029 919 1248 980 constitutum?
1279 921 1433 978 Meierum

325 1031 428 1080 autem
450 1022 508 1079 hac
526 1023 566 1078 de
588 1041 621 1078 re
640 1029 723 1079 recte
737 1023 890 1080 iudicasse
912 1023 1041 1097 primum
1064 1021 1162 1078 lexiko
1176 1021 1429 1096 Harpocrationis

326 1125 557 1198 comprobatur;
578 1125 707 1198 legimus
741 1124 867 1198 quidem
901 1141 923 1183 s.
959 1142 985 1182 v.
1018 1110 1183 1188 διαιτηταῖς
1217 1125 1242 1182 οἱ
1276 1112 1430 1189 διαιτηταὶ

325 1216 462 1304 πρέτερον
484 1213 583 1303 κλήρῳ
603 1214 751 1304 λαχόντες
776 1214 795 1289 ἢ
817 1213 1035 1304 ἐπιτρεψάντων
1068 1219 1167 1294 αὐτοῖς
1193 1225 1255 1281 τῶν
1282 1221 1430 1306 κρινουμέ-

325 1348 382 1386 νων
402 1317 528 1404 διήτουν,
546 1345 582 1384 ex
604 1328 714 1402 quibus
736 1327 834 1384 verbis
859 1345 923 1383 non
945 1345 1019 1384 sane
1041 1343 1165 1401 prorsus
1184 1326 1274 1383 clavis
1291 1327 1324 1382 id
1346 1327 1429 1384 haud

327 1431 421 1487 dubie
444 1429 653 1502 colligendum
681 1429 801 1484 videtur
830 1446 894 1484 non
931 1446 1052 1502 semper
1085 1429 1217 1484 eandem
1249 1429 1305 1486 sed
1341 1429 1431 1485 aliam

327 1533 393 1590 aliis
414 1531 602 1606 temporibus
624 1531 805 1586 arbitrorum
829 1531 1117 1587 constituendorum
1126 1531 1277 1586 rationem
1298 1529 1430 1586 habitam

328 1653 395 1692 esse
415 1642 505 1708 atque
526 1633 623 1706 primo
655 1649 709 1688 eos
734 1639 814 1688 sorte
840 1649 908 1688 esse
932 1639 1065 1700 creatos,
1096 1632 1181 1706 quod
1203 1632 1275 1687 item
1302 1631 1430 1688 Polluxl

327 1735 425 1792 verbis
447 1731 659 1813 έπεκληροῢντο
681 1727 780 1801 αὐτοῖς
802 1734 832 1788 αὶ
847 1719 959 1790 δίαιται
980 1734 1080 1801 tradit,
1100 1741 1163 1789 tum
1186 1734 1224 1790 ab
1246 1734 1432 1808 litigantibus

328 1839 401 1911 ipsis
430 1837 613 1893 constitutos
641 1853 719 1892 esse.
762 1835 859 1906 Quod
885 1836 986 1910 ipsum
1020 1836 1112 1892 etiam
1146 1854 1182 1891 ex
1216 1834 1433 1892 Demosthenis

328 1940 423 2014 ipsius
448 1938 547 1994 verbis
569 1938 702 2011 intellegi
727 1939 876 1994 existimo.
918 1936 998 1994 Nam
1029 1944 1062 1993 ut
1082 1937 1197 1994 mittam
1225 1939 1433 1994 testimonium

329 2061 366 2099 ex
387 2040 544 2098 llllidiauae
574 2044 647 2114 §93
676 2041 804 2113 petitum
830 2026 949 2115 οἴδαμεν
968 2032 1157 2116 Δημοσθένην
1189 2025 1434 2119 ᾦμαρτυροῦμεν

328 2139 380 2201 καὶ
401 2130 526 2200 Μειδίαν
547 2136 700 2221 ἑλομένους
722 2128 879 2206 διαιτητὴν
900 2129 1081 2220 Στράτωνα,
1109 2142 1195 2216 quod
1226 2159 1333 2215 parum
1359 2159 1437 2216 prae·

330 2264 363 2303 se
390 2243 446 2301 lert
467 2243 680 2314 auctoritatis‚2
709 2262 745 2300 ex
769 2250 835 2300 orat
861 2241 931 2311 XL,
964 2241 1012 2312 16,
1041 2241 1092 2298 ubi
1114 2241 1258 2316 legimus:
1280 2260 1434 2324 παραγρα-

330 2333 452 2420 ψάμενοι
479 2331 606 2399 Σόλωνα
630 2337 757 2422 Ἑρχιέα
784 2331 940 2409 διαιτητὴν
962 2333 1063 2420 τούτῳ
1089 2339 1289 2424 ἐπετρέψαμεν
1316 2333 1435 2403 δικάσαι

330 2440 393 2522 περὶ
428 2432 468 2499 ὧν
505 2441 698 2522 ἐνεκαλοῦμεν
735 2435 877 2513 ἀλλήλοις
915 2446 1058 2520 colligere
1102 2464 1266 2520 possumus
1307 2448 1435 2521 optione

331 2545 513 2619 litigantium
536 2544 680 2600 arbitrum
708 2563 778 2602 esse
800 2547 1009 2603 constitutum.
1051 2547 1203 2603 Arbitrum
1230 2550 1436 2606 autem'illum

332 2647 479 2704 Solonem
502 2663 571 2702 cum
592 2645 732 2703 Meiero3
753 2648 911 2722 publicum
934 2647 1027 2705 fuisse
1050 2650 1224 2719 contend03
1254 2653 1340 2725 quod
1362 2652 1436 2708 inde

332 2748 526 2805 concluditur
547 2750 633 2824 quod
651 2749 767 2806 Solone
789 2758 911 2807 mortuo
934 2769 1048 2806 novum
1071 2752 1214 2808 arbitrum
1231 2752 1338 2809 denuo
1350 2753 1437 2809 vide-

333 2868 401 2907 mus
424 2869 492 2908 esse
512 2851 684 2926 publicum3
707 2871 778 2909 nam
801 2853 929 2927 legimus
951 2855 967 2925 ἐ
992 2866 1023 2927 17
1047 2841 1229 2931 ἀπεδιῄτησέ
1250 2859 1306 2934 μου
1327 2847 1342 2912 ὁ
1363 2842 1437 2912 διαι-

332 2942 427 3020 τητὴς
463 2949 515 3009 καὶ
545 2941 629 3022 οὗτος
663 2995 669 3008 .
696 3001 701 3012 .
732 2997 738 3010 .
770 2947 840 3013 οὕτε
871 2953 975 3036 ἐφῆκεν
1008 2957 1047 3023 εἰς
1077 2947 1113 3012 τὸ
1141 2943 1333 3034 δικαστήριον,
1368 2975 1438 3016 cum

334 3052 569 3126 appellationem
591 3057 714 3113 arbitrio
736 3058 851 3130 privato
875 3056 957 3114 facto
979 3059 1106 3114 omnino
1129 3059 1192 3114 fieri
1214 3075 1279 3113 non
1299 3059 1436 3131 potuisse

334 3169 427 3228 supra
449 3156 768 3216 demonstraverimus

393 3256 524 3332 ,Neque
553 3275 691 3332 pugnare
725 3277 795 3315 cum
827 3267 932 3316 nostra
954 3261 1108 3318 sententia
1139 3261 1172 3318 id
1199 3261 1319 3317 videtur
1351 3261 1437 3335 quod

335 3364 425 3433 §24‚
454 3359 505 3414 ubi
532 3360 637 3416 denuo
666 3362 809 3417 recitatur
830 3362 1052 3433 testimonium,
1082 3365 1297 3420 tantummodo
1325 3381 1439 3422 nomen

336 3461 440 3518 Tisiae
460 3461 525 3518 sine
547 3461 618 3536 pagi
640 3463 865 3530 additament0‚
892 3464 1036 3538 scriptum
1058 3465 1237 3522 invenimus.
1279 3465 1360 3522 Nam
1381 3463 1441 3519 hoc

336 3582 385 3620 me
414 3563 517 3620 iudice
547 3581 611 3619 non
637 3563 738 3620 minus
765 3581 856 3638 quam
882 3565 1010 3621 nomina
1037 3567 1104 3640 ipsa
1129 3567 1161 3622 in
1184 3566 1282 3622 fronte
1311 3564 1400 3619 huius
1425 3567 1440 3634 5

337 3683 394 3722 suo
414 3666 480 3722 iure
500 3673 602 3722 orator
620 3665 791 3721 omittenda
808 3683 876 3722 esse
897 3667 1026 3738 putavit,
1055 3684 1124 3723 cum
1146 3674 1293 3723 nontam
1316 3663 1442 3719 nomina

337 3767 457 3842 singula
477 3785 568 3843 quam
590 3785 654 3824 rem
674 3767 784 3841 ipsam,
812 3784 904 3842 quam
932 3768 1032 3824 testati
1054 3776 1141 3824 erant
1162 3775 1271 3836 testes,
1304 3763 1441 3839 inprimis

338 3869 433 3943 ipsius
454 3871 617 3927 interesset
637 3871 669 3926 in
689 3869 867 3925 memoriam
888 3868 1026 3924 iudicum
1046 3867 1216 3926 revocare.4

411 4039 421 4077 ¹
444 4043 582 4092 Onomast.
606 4043 753 4101 VIII,126.
855 4035 974 4090 2West.
1003 4042 1044 4091 De
1067 4042 1107 4091 lit.
1131 4042 1192 4090 inst.
1218 4040 1245 4088 in
1264 4039 1333 4090 Mid.
1353 4059 1378 4106 p.
1403 4053 1441 4090 12.

340 4129 388 4180 ³1.
410 4146 432 4179 c.
452 4147 478 4196 p.
505 4141 546 4193 25.
666 4127 757 4178 4vide
783 4129 854 4194 quod
878 4145 956 4194 supra
986 4145 1012 4194 p.
1040 4131 1054 4178 8
1084 4130 1116 4178 de
1142 4128 1312 4178 Phormionis
1337 4129 1443 4177 Piraeei

340 4219 446 4267 nomine
478 4219 668 4268 adnotavimus.
716 4219 762 4267 Ad
789 4218 895 4268 nomina
928 4217 955 4266 in
985 4218 1072 4266 fronte
1102 4217 1171 4282 §24
1204 4217 1312 4267 omnino
1347 4215 1444 4266 omissa

341 4307 372 4356 cf.
393 4306 556 4356 Wachholtz
576 4307 594 4356 l.
616 4323 638 4356 c.
659 4322 684 4372 p.
709 4318 747 4358 11.
784 4307 858 4356 Idem
878 4305 949 4356 cadit
968 4306 996 4355 in
1014 4304 1029 4371 ᾗ
1049 4305 1082 4355 60
1101 4313 1128 4355 et
1146 4304 1162 4371 ξ
1184 4305 1226 4369 65.

663 4846 1097 4992 ..affl
