3532 5038
889 346 925 392 22

359 506 431 572 εἶναι
452 501 486 572 δὲ
506 505 553 572 τὰ
571 509 746 596 ἀντίγραφα,
768 516 853 589 quod
876 531 968 571 sensu
993 531 1114 571 cassum
1136 522 1195 583 est,
1223 532 1293 571 cum
1323 514 1459 590 Sauppio

358 617 575 690 reponendum
598 634 712 673 censeo
735 607 807 673 εἶναι
829 603 862 674 δὲ
883 604 952 674 τάδ’
977 610 1152 696 ἀντίγραφα,
1174 617 1291 674 collatis
1313 617 1460 676 similibus

359 718 457 775 verbis
470 719 502 774 in
518 717 726 793 hypotheseos
743 737 767 775 v.
780 735 799 793 o
815 711 927 776 ἔστιδὲ
945 712 1112 799 ἀντίγραφα
1130 707 1207 776 τάδε
1223 719 1285 775 τῶν
1299 707 1461 783 διαθηκῶν.

441 821 541 894 Atque
570 829 782 894 argumentum
804 819 895 877 huius
916 822 1083 878 testimonii
1103 822 1186 878 idern
1207 829 1263 890 est,
1284 821 1324 877 de
1346 838 1408 895 quo
1430 821 1461 876 in

359 921 498 978 oratione
520 921 670 978 XXXVIl
692 939 793 979 sermo
815 931 870 980 est.
911 921 971 979 Ubi
993 940 1064 979 curn
1079 924 1195 979 mentio
1218 923 1268 980 fiat
1288 923 1461 979 testamenti

358 1021 513 1092 Pasionis,
554 1031 657 1080 orator
683 1042 716 1080 se
745 1025 786 1080 ad
818 1025 947 1080 scribam
975 1024 1131 1098 publicum
1168 1025 1316 1081 convertit
1347 1024 1460 1080 verbis:

359 1118 512 1200 λαβὲτῆς
534 1112 681 1194 διαθήκης
701 1116 738 1184 τὸ
759 1119 936 1207 ἀντίγραφον
956 1122 1008 1183 καὶ
1027 1118 1082 1190 τὴν
1104 1116 1260 1203 πρόκλησιν
1274 1115 1391 1190 ταύτην
1411 1121 1462 1182 καὶ

357 1217 415 1294 τὰς
435 1222 595 1306 μαρτυρίας
615 1215 752 1297 ταυταςί,
771 1222 836 1305 παρ’
861 1217 904 1296 οἷς
926 1229 957 1285 αἰ
978 1215 1124 1293 διαθῆκαι
1143 1225 1285 1285 κεῖνται.2

440 1327 592 1385 Secuntur
611 1330 766 1387 lemmata:

468 1425 756 1488 An‘Tll'PAoON.
798 1425 1062 1490 ΠΡΟΚΛΗΣΙΣ.
1104 1425 1355 1488 ΜΑΡἸῪΡΙΑΙ.

440 1531 580 1604 Quorum
601 1533 846 1590 testimoniorum
868 1541 1080 1606 argumentum
1101 1533 1209 1605 ipsum,
1231 1550 1406 1608 quanquam
1429 1535 1460 1592 In

359 1641 434 1690 orat.
447 1632 574 1690 XXXVI
586 1652 651 1690 non
668 1643 933 1702 commemoratur,
955 1641 1057 1690 tamen
1069 1651 1168 1689 rerum
1181 1651 1355 1691 connexum
1371 1653 1460 1709 spec·

358 1736 501 1804 mutibus,
522 1736 697 1792 testimonia
719 1743 793 1793 orat.
815 1735 899 1791 XLV
920 1736 989 1808 §58
1011 1743 1042 1791 et
1067 1751 1100 1810 ιι)
1121 1734 1254 1791 exhibita
1276 1737 1307 1792 In
1329 1755 1457 1793 numero

358 1853 466 1892 eorum
493 1837 585 1893 tuisse
607 1837 809 1894 iudicandum
830 1837 900 1906 erit,
927 1854 1059 1912 quorum
1085 1836 1196 1892 lemma
1217 1831 1458 1895 MAPTTPIAI

360 1938 450 1994 nobis
473 1946 547 1995 orat.
569 1937 696 1994 XXXVI
709 1939 854 1995 traditum
875 1947 930 1996 est.
972 1937 1044 1994 Hoc
1064 1938 1110 1994 vel
1131 1938 1206 1994 inde
1228 1947 1354 2013 apparet
1373 1941 1458 2014 quod

359 2039 505 2096 adversus
518 2047 592 2096 orat.
604 2039 731 2095 XXXVI
742 2039 845 2096 habita
866 2047 913 2096 est
934 2047 1008 2097 orat.
1020 2038 1112 2108 XLV,
1134 2041 1164 2095 in
1187 2057 1248 2114 qua
1269 2058 1287 2096 a
1302 2040 1458 2115 Stephano

361 2139 468 2197 salsum
489 2142 697 2198 testimonium
719 2141 871 2216 prolatum
890 2159 959 2197 esse
981 2150 1083 2198 orator
1104 2139 1290 2200 contendit.³

438 2242 501 2298 Iam
524 2243 548 2299 si
571 2243 610 2298 de
633 2243 813 2298 auctoritate
836 2242 926 2298 huius
947 2243 1113 2299 testimonii
1127 2245 1340 2317 quaestionem
1356 2262 1460 2300 move·

358 2361 441 2410 mus,
471 2345 616 2418 quoniam
643 2351 714 2418 post
744 2340 989 2400 Westermannit
1017 2351 1153 2400 atrocem
1186 2345 1332 2418 impetum
1366 2363 1459 2401 nemo

358 2446 483 2512 exstitit,
516 2447 567 2520 qui
599 2446 803 2518 patrocinium
839 2446 905 2501 eius
938 2446 1119 2519 susciperet,
1150 2445 1236 2519 plura
1264 2454 1353 2502 erunt
1379 2464 1459 2522 quae

361 2547 532 2602 accuratius
555 2546 784 2602 consideranda
806 2545 1069 2620 deliberandaque
1091 2547 1260 2606 videantur.

439 2649 483 2704 Ac
506 2637 635 2721 p‘rr'mum
658 2647 783 2721 quidem
801 2647 1000 2702 testificantur
1015 2655 1108 2703 testes
1123 2647 1259 2705 adfuisse
1279 2649 1363 2722 ipsos
1375 2649 1459 2722 apud

358 2751 510 2807 arbitrum.
553 2749 645 2822 Apud
667 2747 826 2816 arbitrum,
848 2749 959 2817 audi0;
986 2750 1042 2806 sed
1065 2749 1163 2823 qualis
1185 2749 1234 2806 hic
1255 2751 1366 2806 arbiter
1395 2750 1459 2818 suit,

357 2861 456 2908 utrum
478 2851 618 2926 publicus
640 2867 679 2907 an
699 2847 851 2924 privatus?
892 2849 964 2906 Hoc
992 2868 1066 2907 sane
1088 2852 1210 2907 maximi
1231 2853 1379 2908 momenti
1403 2861 1458 2920 cst,

356 2972 424 3010 cum
455 2955 479 3010 si
507 2954 640 3027 privatus
669 2951 737 3021 suit,
766 2969 874 3008 omnes
897 2951 1107 3021 difficultatem
1135 2954 1167 3009 In
1199 2953 1309 3027 quibus
1331 2953 1460 3010 haesitat

357 3053 607 3111 Westcrmannus
641 3055 681 3109 ad
717 3051 845 3109 nihilum
879 3055 1027 3110 recidant.
1075 3053 1143 3126 Ipse
1172 3052 1288 3113 West.⁵
1317 3074 1356 3110 ne
1382 3056 1456 3112 illud

428 3249 516 3316 ’ἓν

427 3335 522 3387 2Νοιι
556 3346 676 3387 accurate
709 3338 760 3386 hoc
797 3337 830 3386 ab
864 3345 970 3386 oratore
1010 3353 1161 3404 expressum
1195 3347 1244 3390 est.
1290 3341 1393 3406 Nempe
1426 3357 1457 3391 ex

354 3433 419 3476 orat.
432 3426 555 3486 XLV,19
571 3434 679 3490 apparet
691 3441 768 3474 unum
787 3425 966 3475 tantummodo
987 3425 1077 3483 fuisse,
1098 3427 1167 3490 apud
1185 3443 1261 3491 quem
1272 3435 1457 3477 testamentum

354 3513 505 3578 depositum
525 3520 605 3561 esset.
643 3512 756 3560 RecIIus
780 3513 903 3562 dixisset:
930 3505 973 3570 τὰς
990 3511 1121 3579 μαρτυρίας
1139 3512 1189 3562 τῶν
1207 3513 1409 3582 παραγενομένων
1427 3515 1455 3580 τῇ

356 3595 488 3666 προκλήσει
506 3598 547 3650 καὶ
565 3595 609 3664 τὴν
626 3598 759 3668 μαρτυρίαν
777 3596 831 3667 παρ’
853 3588 874 3668 ᾦ
894 3601 983 3649 κεῖνται
1002 3597 1026 3647 αἱ
1046 3598 1178 3662 διαθῆκαι,
1199 3616 1256 3648 cum
1278 3600 1457 3648 testimonIum

356 3689 406 3751 §8
427 3689 462 3736 sit
490 3687 671 3736 testimonium
701 3683 890 3755 μαρτυρούντων
915 3681 961 3750 τὴν
994 3679 1127 3752 πρόκλησιν
1157 3687 1228 3746 (An.
1253 3686 1297 3734 Pr.
1322 3701 1347 3749 p.
1373 3684 1455 3748 664),

359 3775 540 3824 testimorrIum
559 3779 617 3836 §19
639 3775 705 3830 eius.
726 3776 795 3838 apud
817 3791 893 3839 quem
915 3778 1099 3823 testamentum
1111 3771 1261 3836 depositum
1274 3780 1352 3820 esset.
1392 3773 1457 3821 Ora-

359 3867 443 3909 torem
463 3871 548 3911 autem
571 3861 616 3910 iIIa
626 3863 711 3910 minus
731 3870 852 3911 accurata
862 3862 1003 3911 verborum
1020 3857 1456 3923 coniunctionebreviloquentiam

357 3950 485 4013 quandam
504 3949 670 3998 affectantem
690 3965 763 3998 usum
784 3964 842 3998 esse
862 3949 1016 4014 putaverIm.

422 4033 494 4084 ³De
521 4043 676 4098 argumento
708 4044 735 4086 et
762 4052 882 4086 connexu
907 4037 1055 4085 orationum
1079 4032 1207 4081 XXXVI
1231 4041 1258 4080 et
1283 4033 1361 4082 XLV
1386 4035 1446 4082 vide

354 4124 391 4172 A.
403 4124 530 4173 Schaeser
548 4123 566 4173 l.
587 4140 609 4174 c.
629 4141 656 4189 p.
679 4125 735 4185 164.
762 4136 810 4188 170
829 4141 868 4189 sq.

423 4209 473 4260 41.
494 4227 516 4260 c.
537 4228 563 4276 p.
587 4223 634 4274 105
654 4226 691 4275 sq.

421 4295 470 4346 ⁵1.
491 4313 514 4347 c.
534 4315 559 4364 p.
582 4299 638 4348 106.
