3532 5038
874 357 912 416 28

354 538 574 596 deverticulum
594 537 721 606 tollitur,
747 538 772 594 si
798 537 890 594 etiam
911 555 1027 594 nomen
1047 538 1153 611 patris,
1181 539 1266 612 quod
1293 547 1456 615 tantopere

354 659 373 696 a
393 640 626 698 Westermanno
650 639 856 708 desideratur,
881 639 972 696 nobis
991 641 1189 713 inscriptione
1209 641 1354 701 traditur?
1396 643 1455 700 Le-

353 743 453 816 gimus
474 743 585 816 apertis
606 741 704 798 verbis
725 739 895 810 intitu10,¹
918 759 1001 798 anno
1023 741 1113 798 huius
1130 743 1245 800 saeculi
1262 746 1453 818 sexagesimo

354 843 417 901 sere
438 852 572 918 reperto:
594 840 643 902 ἐπὶ
661 835 698 900 τὸ
718 834 858 920 θεωρικόν

434 941 610 1028 Κηφισοφῶν
637 939 827 1026 Κεφαλίωνος
851 931 1022 1025 Ἀφιδναῖος.
1076 947 1137 1019 Qui
1171 948 1275 1005 titulus
1308 967 1378 1006 cum
1413 951 1454 1007 ad

355 1067 470 1106 annum
491 1050 529 1106 ol.
557 1066 610 1125 ¹09
624 1048 709 1124 21343
734 1039 914 1107 referendus
937 1051 984 1118 sit,
1006 1058 1127 1124 tempus
1147 1057 1178 1106 et
1201 1049 1292 1107 huius
1308 1052 1455 1110 orationis

354 1159 385 1208 et
419 1153 468 1208 cui
503 1152 717 1226 inscriptiones
752 1169 843 1225 supra
877 1160 1134 1209 commemoratae
1169 1152 1352 1209 tribuendae
1385 1163 1456 1211 sunt

354 1253 566 1326 respicientes,
593 1255 654 1310 iam
678 1254 890 1311 confitebimur
916 1253 1110 1312 manifestum
1139 1273 1208 1312 esse
1235 1255 1371 1311 eundem
1398 1255 1454 1313 ho·

354 1354 469 1411 minem
496 1356 638 1414 omnibus
667 1356 742 1412 locis
774 1356 937 1430 significari
965 1374 1066 1430 neque
1092 1356 1261 1431 quidquam
1289 1357 1349 1412 iam
1376 1375 1453 1426 esse,

354 1457 439 1530 quod
462 1465 568 1514 contra
589 1456 679 1516 huius
699 1457 890 1514 instrumenti
911 1457 1004 1513 fidem
1026 1455 1153 1530 proferri
1174 1458 1278 1530 possit.

434 1559 559 1616 Addere
571 1559 644 1616 mihi
657 1566 815 1634 praeterea
827 1559 917 1616 liceat
930 1559 1020 1615 etiarn
1041 1560 1072 1615 in
1084 1559 1223 1615 oratione
1235 1558 1453 1616 Demosthenis

353 1661 384 1717 in
406 1659 559 1717 Neaeram
581 1659 839 1736 Cephisophontis
863 1659 1035 1734 Aphidnaei
1057 1661 1246 1718 mentionem
1267 1661 1340 1730 fieri,
1361 1679 1453 1736 quem

354 1763 440 1838 quod
466 1762 655 1820 coniciamus
683 1763 819 1818 eundem
848 1779 916 1818 esse
944 1771 1035 1837 atque
1063 1762 1145 1819 hunc
1172 1763 1205 1818 in
1232 1764 1372 1819 oratione
1399 1763 1455 1819 ad-

353 1882 457 1921 versus
471 1863 658 1938 Stephanum
679 1872 881 1922 memoratum
903 1863 1052 1920 nonnihil
1070 1883 1138 1922 esse
1153 1863 1318 1922 existime²
1359 1863 1455 1922 Cuius

354 1967 385 2022 in
421 1966 567 2023 orationis
596 1972 651 2042 §9
678 1985 720 2042 sq.
758 1968 905 2042 quoniam
937 1975 1076 2023 narratur
1112 1967 1351 2040 Apollodorum,
1385 1985 1454 2023 cum

353 2068 521 2142 aliquando
542 2069 574 2124 in
596 2086 709 2142 pagum
721 2068 936 2142 Aphidnaeum
948 2070 1081 2126 venisset
1101 2069 1142 2124 ad
1156 2087 1275 2126 servum
1297 2067 1454 2142 fugitivum

353 2170 610 2244 investigandum,
633 2169 776 2227 feminam
795 2172 952 2246 quandam
974 2172 1015 2227 ita
1026 2171 1211 2239 verberasse,
1234 2178 1267 2226 ut
1277 2179 1454 2239 moreretur,

354 2271 394 2328 ob
422 2291 552 2347 eamque
586 2291 711 2330 causam
740 2291 758 2330 a
786 2270 1038 2347 CephIsophonte
1073 2273 1199 2347 aliisque
1232 2273 1263 2328 in
1305 2273 1466 2328 iudicium·

353 2381 495 2430 vocatum
508 2393 586 2444 esse,
608 2409 643 2418 -
664 2384 693 2432 et
707 2393 804 2450 pagus
816 2374 1026 2449 Aphidnaeus,
1048 2393 1085 2431 ex
1097 2393 1158 2451 quo
1173 2373 1455 2450 Cephisophontem

353 2476 436 2532 illum
449 2475 542 2532 fuisse
555 2494 592 2532 ex
611 2482 655 2551 §9
678 2477 757 2533 ethei
778 2478 897 2533 videtur
918 2483 948 2533 et
968 2485 1088 2550 tempus
1101 2477 1249 2533 orationis
1259 2477 1289 2532 in
1301 2475 1454 2532 Neaeram

353 2595 394 2634 sc.
409 2593 509 2634 annus
531 2578 612 2634 circa
625 2579 664 2634 ol.
683 2576 835 2655 114J340,3
856 2596 923 2634 non
933 2579 1028 2634 multo
1041 2586 1112 2635 ante
1125 2597 1216 2654 quem
1229 2586 1379 2635 narratam
1390 2594 1454 2632 rem

353 2679 555 2768 iudicandum
575 2688 622 2737 est
643 2678 754 2736 factam
775 2698 853 2748 esse,
873 2679 943 2736 huic
965 2681 1134 2736 sententiae
1148 2687 1358 2737 consentanea
1376 2686 1455 2735 sunt.

433 2780 569 2838 Paucula
599 2781 735 2857 denique
763 2781 835 2840 mihi
863 2783 903 2838 de
929 2783 1055 2838 nomine
1083 2780 1279 2857 Cephalionis
1306 2781 1455 2837 addende

354 2892 432 2942 sunt.
476 2882 571 2956 Quod
599 2884 682 2941 enim
709 2892 737 2941 et
762 2886 794 2942 in
815 2884 902 2942 titulo
926 2885 1092 2942 novissimo
1122 2893 1152 2942 et
1180 2886 1212 2940 in
1239 2884 1377 2959 reliquis,
1404 2883 1456 2941 ubi

353 3005 468 3043 nomen
492 2981 652 3066 Κεφαλίων
677 2995 787 3057 exstat,
820 2987 900 3044 hanc
927 2987 1081 3044 scribendi
1109 2988 1259 3044 rationem
1286 2985 1455 3042 adhibitam

354 3107 422 3145 esse
448 3089 633 3158 invenimus,
661 3107 731 3146 cum
760 3090 843 3163 apud
869 3089 1111 3151 Demosthenem
1139 3077 1319 3168 Κεφάλωνος
1351 3094 1455 3156 exstet,

354 3208 419 3246 non
446 3191 521 3247 tanti
552 3189 729 3248 faciendum
758 3209 826 3248 esse
854 3199 945 3264 putu,
978 3208 1048 3248 cum
1075 3187 1185 3249 West.4
1210 3189 1377 3246 rectissime
1406 3207 1456 3245 ex-

353 3290 483 3364 planarit
508 3293 635 3348 nomina
662 3293 858 3350 terminantia
886 3293 918 3350 in
940 3311 983 3350 ων
1010 3301 1040 3350 et
1061 3311 1121 3349 ιων
1147 3299 1211 3349 tum
1236 3290 1297 3348 hoc
1317 3299 1381 3348 tum
1403 3290 1455 3347 illo

353 3393 449 3448 modo
471 3393 582 3468 scripta
603 3413 681 3455 esse.
724 3395 795 3452 Hoc
816 3396 886 3453 loco
909 3414 983 3454 sane
1004 3415 1041 3453 ex
1062 3395 1149 3452 titulo
1176 3394 1228 3451 illo
1251 3393 1456 3468 comperimus

353 3495 465 3553 rectius
487 3512 603 3552 nomen
624 3497 708 3554 testis
728 3495 960 3555 Demosthenici
983 3516 1037 3573 per
1058 3519 1067 3556 ι
1088 3498 1286 3556 scribendum
1309 3514 1386 3553 esse.

504 3673 531 3730 3.
553 3655 600 3712 De
622 3656 798 3713 testimonio
819 3658 917 3733 primo
939 3663 954 3731 g
976 3673 1014 3732 24
1035 3658 1141 3713 denuo
1164 3656 1298 3713 recitate.

433 3778 482 3836 De
503 3779 694 3854 partiuncula
721 3779 888 3838 testimonii
913 3781 1000 3855 primi
1028 3786 1102 3854 §24
1129 3797 1172 3854 sq.
1199 3795 1301 3834 rursus
1330 3776 1456 3850 prolata,

353 3888 472 3955 praeter
500 3900 551 3951 ea,
580 3900 658 3958 quae
685 3900 713 3957 p.
736 3898 774 3956 24
796 3881 885 3940 huius
907 3883 985 3956 disp.
1010 3882 1202 3951 monuimus,
1230 3879 1291 3938 hoc
1316 3878 1456 3938 animad-

426 4053 435 4092 1
456 4057 485 4106 C.
505 4059 527 4108 Ι.
547 4058 582 4107 A.
604 4060 729 4121 11‚1‚114.
750 4076 772 4109 c.
793 4061 817 4109 6.

424 4141 545 4194 twese
561 4145 578 4195 1.
600 4163 622 4196 c.
642 4163 668 4212 p.
692 4159 748 4209 109.

423 4227 530 4282 ⁸Blass
549 4234 566 4284 1.
588 4251 611 4284 c.
631 4251 656 4301 p.
676 4247 736 4300 477.

423 4317 436 4358 ⁴
453 4337 480 4388 p.
502 4322 561 4373 108.
