3532 5038
938 363 978 406 20

405 530 498 588 verba
526 536 732 605 'sequerentur
762 529 837 585 iude
868 529 906 585 ab
935 519 1068 609 ἀργύριον
1095 562 1132 577 --
1159 517 1323 601 Ἀθήναζε,
1349 537 1414 588 tum
1442 537 1513 604 post

402 632 657 688 'adhortationem
677 631 805 686 oratoris
826 631 971 686 insertam
988 631 1183 700 indicaretur,
1204 633 1349 706 quidnam
1373 631 1512 706 supplicii

402 734 447 789 ¹de
477 750 516 789 eo
547 732 734 788 sumendum
768 740 865 800 esset,
896 733 947 806 qui
970 740 1076 789 contra
1096 731 1228 806 p'riorem
1248 732 1347 806 legem
1372 731 1511 801 faceret‚l

406 834 492 907 quod
520 834 655 908 denique
682 833 781 890 verbis
812 833 886 890 inde
909 834 946 889 ab
972 820 1079 890 ἐὰνδὲ
1101 820 1291 912 -μηδεμία
1314 834 1511 908 exciperetur.

422 948 424 952 ·
486 935 599 991 Iamsi
626 935 667 990 de
693 937 872 992 auctoritate
895 935 968 1010 legIs
990 937 1173 1010 quaerimus,
1195 953 1296 1010 neque
1318 941 1425 991 contra
1449 953 1512 992 ser-

402 1031 535 1094 monem
552 1053 653 1111 neque
678 1045 784 1094 contra
805 1052 852 1094 rcs
873 1038 956 1110 Ipsas
975 1045 1021 1093 est
1042 1037 1129 1112 quod
1149 1053 1341 1101 moneamus

404 1165 407 1172 ⁴
447 1155 450 1159 ·
487 1138 593 1194 Sermo
615 1137 704 1211 plane
726 1140 894 1212 respondet
914 1139 1048 1195 sermoni
1076 1139 1177 1214 legum
1199 1137 1337 1206 SoloniS,
1367 1155 1447 1212 quae
1472 1138 1504 1194 in

407 1241 548 1296 oratione
571 1240 603 1294 iu
630 1238 830 1296 Macartatum
860 1238 1005 1297 exstant.2
1051 1241 1102 1296 Ad
1129 1240 1221 1296 verba
1246 1241 1279 1296 iu
1304 1239 1403 1296 fronte
1431 1237 1507 1312 legis

406 1342 520 1416 posita:
543 1329 674 1420 ἀργύριον
695 1327 728 1396 δὲ
749 1331 790 1418 μὴ
812 1329 918 1410 ἐξεῖναι
944 1327 1078 1398 ἐκδοῦναι
1103 1341 1295 1398 conferenda
1324 1349 1395 1398 sunt
1419 1341 1512 1396 verba

407 1443 482 1516 legis
505 1443 537 1498 in
561 1450 635 1498 orat.
657 1440 765 1511 XLIII,
788 1441 835 1510 62,
862 1459 910 1500 10:
931 1448 1059 1523 γυναῖκα
1082 1431 1117 1501 δὲ
1135 1435 1176 1522 μὴ
1196 1435 1302 1514 ἐξεῖναι
1316 1437 1448 1511 stativom
1468 1441 1510 1496 ad

406 1545 510 1601 verba:
538 1535 611 1601 εἶναι
638 1588 644 1600 .
673 1588 679 1601 .
710 1588 716 1601 .
748 1535 816 1621 πρὸς
843 1535 912 1613 τοὺς
941 1536 1123 1623 ἐπιμελητάς
1152 1545 1344 1602 conferenda
1375 1545 1406 1600 in
1434 1550 1509 1600 orat.

406 1645 513 1712 XLIII,
527 1659 573 1719 71,
591 1662 639 1720 13:
660 1637 717 1712 τὰς
734 1633 769 1702 δὲ
785 1633 868 1714 δίκας
889 1637 961 1703 εἶναι
982 1637 1173 1724 περὶτούτων
1184 1637 1336 1727 πρδςποὺς
1350 1639 1508 1726 ἄρχοντας

406 1749 447 1803 ad
481 1748 586 1820 verba:
622 1734 698 1824 μηδὲ
731 1741 808 1826 ἀρχη
840 1742 988 1828 εἰσαγέτω
1013 1744 1076 1826 περὶ
1101 1738 1210 1806 τούτου
1231 1737 1361 1828 μηδεμία
1385 1749 1416 1803 in
1436 1754 1510 1805 orat.

405 1847 514 1918 LXIII,
547 1863 594 1922 75,
640 1865 674 1922 14
717 1848 820 1906 verba:
865 1845 1052 1930 εἰςαγαγέτω
1090 1851 1129 1919 εἰς
1170 1843 1225 1916 την
1263 1843 1384 1916 ἡλιαίαν
1414 1847 1467 1925 (se.
1494 1843 1509 1906 ὁ

407 1942 543 2029 Aaron)⁸3

486 2050 583 2122 Quod
603 2053 711 2108 attinet
732 2055 772 2109 ad
795 2061 1008 2129 argumentum
1028 2055 1128 2128 ipsum
1152 2055 1243 2128 legIS,
1274 2072 1336 2123 res,
1358 2070 1434 2128 quas
1451 2060 1536 2136 ter-0

407 2154 516 2213 minari
537 2155 691 2222 videmus
718 2149 843 2230 prorsus
863 2173 964 2212 rerum
994 2163 1119 2212 naturae
1142 2156 1362 2212 accomodatas
1383 2171 1452 2211 esse
1473 2173 1511 2210 ex

408 2263 483 2312 orat.
524 2255 613 2314 Dem.
644 2253 744 2311 LVIII
772 2254 803 2309 in
830 2251 1036 2310 Theocrinem
1064 2251 1167 2308 habita
1195 2253 1357 2310 diScimus:
1382 2252 1421 2308 ¹In
1450 2269 1511 2327 qua

407 2375 477 2413 cum
500 2359 695 2427 ostendatur,
716 2355 922 2412 Theocrinem
945 2351 1062 2411 Miconi
1089 2355 1212 2412 cuidam
1233 2343 1319 2436 φάσιν
1339 2355 1511 2412 intendisse

405 2457 431 2535 (ᾗ
452 2475 470 2532 9
493 2449 584 2516 αὐτὸν
605 2450 656 2515 τὸν
676 2453 812 2526 Μίκωνα,
834 2445 868 2514 οὗ
886 2456 971 2538 ἔφηνε
992 2448 1029 2514 τὸ
1056 2453 1184 2534 πλοῖον),
1210 2458 1358 2532 quoniam
1385 2474 1451 2512 non
1478 2457 1510 2512 iu

407 2559 595 2616 Athenarum
615 2560 785 2634 emporium
807 2557 1012 2634 frumentum}4
1034 2559 1257 2632 importavisset
1273 2559 1300 2632 (ς
1318 2565 1366 2632 12)
1384 2575 1510 2632 remque

407 2661 491 2734 apud
512 2652 582 2728 τοὺς
604 2651 788 2738 ἐπιμελητὰς
814 2651 870 2717 τοὺ
893 2655 1029 2744 ἐμπορίου
1058 2667 1156 2716 actam
1184 2678 1252 2716 esse
1275 2661 1385 2734 apertis
1411 2660 1509 2717 verbis

406 2763 559 2819 indicetur
582 2763 607 2840 (ᾗ
629 2763 646 2821 8
668 2753 784 2828 ταύτην
806 2753 860 2828 τὴν
881 2751 976 2844 φασιν,
998 2750 1023 2818 ὦ
1045 2749 1144 2838 ἄνδρες
1164 2749 1318 2832 δικασταί,
1345 2749 1437 2818 ἔδωκε
1457 2755 1510 2839 μὲν

404 2857 504 2921 οὑτοσί
525 2859 649 2942 (Θεοκρ.)
672 2853 944 2944 προσκαλεσάμενος
973 2855 1025 2921 τὸν
1046 2859 1184 2936 Μίκωνα,
1213 2861 1304 2940 ἔλαβε
1325 2851 1350 2920 δ’
1373 2856 1389 2921 ὁ
1415 2879 1509 2944 γραμ-

404 2958 516 3045 ματεὺς
529 2961 544 3024 ὁ
558 2967 619 3024 τῶν
629 2967 684 3025 τοῦ
696 2962 831 3046 ἐμπορίου
848 2963 1039 3045 ἐπιμελετῶν,
1060 2955 1263 3046 Εὐθύφημος),
1285 2965 1362 3022 haec
1374 2966 1407 3021 in
1417 2966 1510 3021 verba

403 3069 478 3142 legis
496 3070 609 3143 optime
624 3070 785 3143 quadrant.
807 3067 886 3124 Nam
901 3085 964 3124 non
977 3069 1078 3124 minus
1092 3067 1160 3135 illis,
1182 3069 1234 3142 qui
1254 3069 1285 3124 in
1302 3068 1387 3124 aliud
1403 3084 1509 3142 empo-

341 3151 345 3157 ⁵
402 3171 479 3224 rium
495 3176 586 3244 atque
600 3169 833 3226 Atheniensium
848 3168 1032 3226 frumentum
1046 3176 1246 3242 asportarent,
1263 3186 1354 3243 quam
1368 3168 1435 3236 illis,
1455 3168 1508 3242 qui

402 3273 565 3343 pecuniam
576 3279 712 3328 mutuam
724 3273 843 3340 darent,
855 3260 941 3352 φάσιν
951 3271 1070 3328 intendi
1081 3271 1230 3329 sollemne
1240 3269 1344 3340 fuisse,
1359 3287 1395 3325 ex
1409 3268 1507 3326 verbis

477 3502 486 3541 ¹
505 3507 580 3554 Inter
600 3505 812 3554 adhortationem
831 3505 903 3554 illam
923 3513 949 3556 et
970 3523 1050 3557 voces
1070 3501 1111 3557 ἐὰν
1131 3505 1157 3556 δέ
1175 3525 1273 3566 τις...
1301 3505 1508 3554 intercalandum

404 3609 462 3643 esse
488 3592 588 3658 aliquid
616 3601 642 3642 et
667 3610 698 3642 ex
724 3595 834 3642 oratoris
859 3594 947 3643 verbis
974 3598 989 3658 ξ
1016 3607 1056 3658 51,
1085 3591 1171 3660 Juepi
1194 3588 1298 3643 ἑκάστου
1311 3588 1408 3642 ,αὐτῶν
1431 3597 1508 3638 etex

402 3681 469 3742 legis
497 3681 579 3746 ipsius
599 3680 746 3746 formula§
768 3693 812 3744 51,
843 3693 873 3730 10
897 3676 967 3730 καθὰ
991 3680 1043 3748 περὶ
1062 3680 1105 3745 τῆς
1124 3674 1183 3739 νεὼς
1200 3679 1241 3729 καί
1259 3678 1304 3728 τοῦ
1328 3676 1396 3727 σίτου
1416 3672 1507 3742 εἴρηται

404 3768 530 3818 efficitur.
570 3768 688 3831 Quanam
714 3785 741 3817 re
766 3778 913 3818 commotus
936 3769 968 3819 G.
989 3770 1024 3818 H.
1046 3769 1203 3818 Schueserus
1234 3767 1260 3828 (I.
1282 3762 1316 3832 c.)
1341 3756 1372 3813 τὰ
1400 3779 1506 3830 γεγραμ-

406 3854 464 3921 μένα
483 3857 515 3904 ad
535 3855 708 3922 syngrapham
727 3857 833 3914 reserat,
856 3857 921 3912 mihi
944 3873 998 3904 non
1017 3855 1109 3920 liquet.

475 3938 487 3977 ²
504 3943 541 3991 A.
561 3943 731 4001 Wachhoitz,
747 3943 764 3992 1.
784 3960 806 3992 c.
829 3961 854 4008 p.
877 3957 909 3992 20
929 3960 967 4008 sq.

471 4026 483 4063 3
501 4031 562 4078 vide
583 4031 661 4078 etiam
681 4047 721 4082 or.
739 4032 863 4090 XXXV,
883 4033 925 4092 48.
964 4027 1021 4080 ἀλλ’
1044 4027 1057 4079 ὀ
1078 4027 1235 4096 πολέμαρχος
1255 4022 1349 4092 εἰσάξει,

470 4114 484 4151 4
503 4118 544 4166 De
564 4120 697 4167 frumento
717 4119 759 4180 agi
778 4119 874 4167 nonin
893 4120 1015 4168 oratione
1037 4119 1094 4182 ipsa
1110 4115 1308 4181 pronunciatur,
1329 4117 1376 4165 sed
1396 4133 1428 4165 ex
1446 4123 1505 4164 toto

401 4222 487 4254 rerum
526 4219 644 4255 connexu
684 4206 739 4254 veri
779 4206 940 4254 simillimum
975 4213 1024 4255 est.
1083 4205 1143 4255 vide
1180 4204 1301 4271 Hypoth.
1344 4216 1369 4264 4.
1395 4219 1433 4269 sq.
1478 4211 1506 4253 et

399 4293 435 4344 A.
457 4293 584 4344 Schaeser
602 4293 620 4343 i.
641 4309 664 4343 c.
686 4309 710 4358 p.
733 4294 792 4354 269.
