3532 5038
891 403 925 450 ῘΖ

356 572 482 646 quidem
503 571 628 641 habeat,
658 574 744 646 quod
773 581 881 630 contra
907 574 999 630 fidem
1027 583 1057 630 et
1086 576 1298 632 auctoritatem
1316 575 1460 654 proferat,

355 675 394 729 ad
422 681 587 730 extremam
608 675 853 730 testimoniorum
876 675 986 732 seriem
1008 677 1135 733 transire
1159 678 1257 735 liceat.
1280 680 1282 684 '

506 851 533 907 4.
554 832 601 889 De
623 832 806 889 testimoniis
827 836 858 905 ἕξ
880 849 917 906 33
940 839 971 888 et
992 837 1038 906 34.
1060 911 1061 918 γ

435 951 686 1014 ΜΑΡ’1ῪΡΙΑ.Ῑ
706 941 1187 1033 ἈπολλωνίδηςἉλικαρνασσεὺς
1200 964 1341 1036 μαρτυρεῖ
1352 948 1459 1018 εἰδέναι

355 1049 533 1118 δανείσαντα
552 1053 766 1134 Ἀντίπατρον,
788 1051 897 1114 Κιτιέα
917 1049 955 1114 τό
976 1052 1076 1138 γένος,
1098 1048 1240 1138 χρήματα
1259 1053 1398 1136 Ὕβλσίῳ
1420 1063 1458 1130 εἰς

354 1152 407 1218 τὸν
427 1150 544 1219 Πόντον
566 1157 614 1218 ἐπὶ
634 1161 674 1238 τῇ
694 1155 739 1225 νηὶ
764 1155 799 1225 ἣν
816 1149 980 1234 Ὑβλήσιος
1003 1149 1185 1238 ἐναυκλήρει,
1212 1157 1264 1220 καὶ
1290 1163 1336 1238 τῷ
1357 1153 1458 1240 ναύλῳ

304 1339 306 1342 Ι
354 1265 400 1340 τῷ
421 1263 461 1333 εἰς
487 1254 537 1320 τόν
557 1253 684 1321 Πόντον·
711 1267 853 1319 κοινωνεῖν
881 1249 915 1320 δὲ
940 1258 992 1319 καὶ
1014 1253 1105 1320 αὐτὸν
1126 1263 1179 1331 τῆς
1200 1255 1270 1332 νεὼς
1287 1257 1456 1340 Ὑβλησίῳ,

304 1353 306 1362 ’
354 1361 405 1422 καὶ
425 1364 567 1444 συμπλεῖν
589 1362 698 1422 ἑαυτοῦ
720 1359 836 1432 οἰκέτας
858 1360 888 1422 έν
901 1365 940 1442 τῇ
961 1360 1014 1435 νηί,
1035 1361 1087 1422 καὶ
1103 1358 1156 1422 ὅτε
1171 1353 1317 1446 διεφθάρη
1339 1359 1357 1431 ἡ
1378 1368 1456 1437 ναῦς,

354 1473 486 1546 παρεῖναι
510 1467 580 1536 τοῦς
602 1461 720 1534 οἰκέτας
739 1457 809 1534 τοὺς
830 1462 940 1524 ἑαυτοῦ
961 1463 1013 1524 καὶ
1033 1461 1237 1548 ἀπαγγέλλειν
1259 1465 1377 1544 ἑαυτῷ,
1406 1467 1458 1526 καὶ

354 1563 401 1626 ὅτι
419 1562 438 1634 ἡ
458 1569 528 1637 ναῦς
545 1559 613 1634 κενὴ
635 1555 780 1648 διεφθάρη
799 1563 1012 1645 παραπλέουσα
1039 1567 1078 1636 εἰς
1100 1555 1261 1626 Θεοδοσίαν
1285 1566 1320 1627 έκ
1339 1565 1456 1627 Παντι·

352 1667 491 1729 καπαίου.

430 1769 610 1851 Ἐρασικλῆς
636 1777 777 1852 μαρτυρεῖ
795 1770 937 1847 συμπλεῖν
955 1765 1115 1848 Ὑβλησίῳ
1140 1769 1284 1849 κυβερνῶν
1312 1765 1367 1838 τὴν
1387 1774 1457 1830 ναῦν

354 1877 393 1944 εἰς
412 1867 463 1934 τὸν
476 1867 602 1948 Πόντον,
623 1870 674 1930 καὶ
694 1867 749 1931 ὅτε
770 1868 914 1952 παρέπλει
934 1866 1036 1942 ἠναῦς
1051 1875 1091 1942 εἰς
1105 1860 1266 1932 Θεοδοσίαν
1287 1871 1321 1933 ἐκ
1340 1871 1457 1932 Παντι-

351 1973 490 2049 καπαίου,
512 1963 619 2049 εἰδέναι
627 1967 710 2042 κενὴν
728 1967 783 2042 τὴν
804 1977 874 2033 ναῦν
890 1971 1130 2054 παραπλέουσαν,
1151 1966 1455 2055 καὶἈπολλοδώρου,

353 2077 446 2138 αὐτοῦ
467 2079 521 2136 τοῦ
543 2068 701 2160 φεύγοντος
721 2074 780 2134 νυνὶ
801 2069 856 2143 τὴν
877 2065 968 2149 δίκην,
988 2069 1029 2158 μὴ
1051 2069 1124 2135 εἷναι
1143 2070 1215 2136 οἶνον
1238 2075 1268 2137 έν
1286 2079 1332 2154 τῷ
1352 2073 1455 2152 πλοίῳ,

353 2177 436 2239 ἀλλά
457 2170 649 2262 παράγεσθαι
670 2181 731 2237 τῶν
753 2178 787 2238 ἐκ
806 2181 860 2248 τῆς
876 2167 1035 2248 Θευδοσίας
1056 2177 1113 2238 τινὶ
1133 2181 1208 2239 οίνου
1231 2177 1308 2257 Κῷα
1329 2170 1456 2256 κεράμια

352 2302 416 2362 περι
436 2271 629 2364 ὀγδοηκοντα.

384 2379 568 2454 Ιππίας’
573 2380 750 2450 Αθηνίππου
763 2378 876 2442 Αλικα
878 2401 1013 2462 ρνασσευς
1001 2368 1171 2463 ςμαρτυρεῖ
1185 2377 1343 2464 συμπλεῖν“
1350 2381 1456 2460 totn-

303 2488 307 2495 ’
352 2485 406 2564 σίῳ
433 2475 628 2546 διοπευων
595 2505 650 2553 την
670 2487 755 2558 ναῦν,
781 2483 832 2543 καὶ
856 2480 907 2544 ότε
927 2480 1112 2564 παρέπλει’
1098 2486 1206 2555 ηναῦς
1235 2488 1274 2554 εἰς
1297 2474 1457 2545 Θεοδοσίαν

352 2587 386 2647 ἐκ
411 2583 657 2661 Παντικαπαίου,
694 2583 840 2646 ἐνθέσθαι
864 2576 1092 2665 Ἀπολλόδωρον
1123 2576 1219 2657 εἰς
1187 2607 1241 2654 την
1275 2589 1344 2644 ναῦν
1375 2584 1456 2665 έρίων

354 2687 474 2773 ἀγγεῖον
502 2680 574 2757 ἒνῆ
603 2679 656 2748 δυο
682 2687 734 2748 καὶ
759 2687 899 2770 ταρίχους
927 2680 1054 2768 κεράμια
1082 2679 1228 2748 ἕνδεκα
1212 2709 1231 2756 η
1259 2677 1377 2748 δώδεκα
1405 2686 1457 2747 καὶ

354 2783 475 2876 δέρματ’
502 2792 610 2875 αίγεια,
632 2780 683 2850 δύο
705 2780 853 2871 δεσμάςν
874 2799 959 2872 τρεῖς,
963 2709 1105 2850 ράλλοδ
1130 2780 1221 2850 οὐδέν.

395 2927 396 2930 ¹
431 2887 511 2975 Πρὸς
532 2883 623 2954 τοῖσδ’
648 2883 878 2976 ἐξεμαρτυρησεν
897 2889 1065 2974 Εὐφίλητος
1085 2890 1256 2973 Δαμοτίμου
1276 2882 1457 2976 Ἀφιδναῖος,

349 2995 470 3068 Ἱππίας
489 2987 650 3079 Τιμοξένου
661 2986 866 3077 Θυμαιτάδης,
887 2988 1067 3077 Σώστρατος
1082 2945 1233 3054 Φιλίππου
1252 2987 1455 3068 Ἑστιαιόθεν,

350 3090 560 3181 Ἀρχενομίδης
581 3093 758 3180 Στράτωνος
780 3090 929 3177 Θριάσιος,
958 3087 1105 3168 Φιλιάδης
1133 3093 1336 3166 Κτησικλέους
1362 3090 1456 3160 Ξυπε-

351 3194 452 3262 παιών.

441 3303 488 3361 De
511 3305 658 3378 scriptura
674 3303 747 3360 nihil
768 3303 869 3362 habeo
892 3307 976 3381 quod
1000 3321 1144 3361 moneam
1165 3303 1224 3360 nisi
1245 3303 1332 3378 quod
1344 3302 1376 3358 in
1398 3302 1457 3358 fine

355 3405 443 3482 primi
471 3407 638 3464 testimonii
665 3415 695 3462 et
722 3407 871 3481 deinceps
891 3395 1064 3471 Θεοδοσίαν,
1092 3406 1178 3481 quod
1210 3405 1280 3462 cod.
1302 3398 1329 3462 Σ
1351 3403 1455 3482 §31,7

354 3519 384 3565 et
406 3510 424 3588 ξ
446 3525 530 3583 32,ιι
560 3507 696 3578 exhibet,
726 3509 892 3584 legendum
914 3527 1038 3567 censeo.
1081 3507 1173 3564 Hanc
1195 3507 1360 3563 lectionem
1388 3523 1457 3562 cum

353 3613 488 3669 editores
516 3609 701 3668 Turicenses
733 3615 748 3685 ξ
770 3627 804 3685 31
836 3621 867 3667 et
893 3615 908 3685 ξ
930 3627 965 3685 32
995 3612 1026 3666 in
1047 3617 1162 3666 textum
1182 3607 1367 3681 receperint,
1395 3623 1456 3679 qua

353 3731 446 3771 causa
463 3715 591 3770 adducti
609 3715 641 3769 in
652 3713 835 3770 testimoniis
848 3703 1010 3772 Θευδοσίαν
1020 3711 1209 3780 retinuerint,
1223 3727 1288 3765 non
1301 3707 1455 3780 intellego,

432 3816 585 3885 LacrituS‚
607 3817 667 3872 iam
689 3833 766 3871 nave
789 3813 926 3871 Athenas
950 3813 1065 3869 reduce
1088 3811 1168 3870 sacta
1189 3811 1394 3882 interrogatus
1417 3808 1455 3865 ab

352 3918 528 3987 Androcle,
563 3935 617 3974 cur
652 3900 823 3992 pecuniam
852 3923 990 3972 mutuam
1023 3923 1174 3989 sumptam
1205 3929 1270 3970 non
1305 3910 1458 3967 solverent

352 4019 472 4089 iratres,
495 4037 564 4076 cum
587 4019 799 4093 respondisset
819 4035 937 4076 merces
958 4017 990 4072 in
1007 4017 1115 4072 itinere
1137 4013 1297 4088 naufragio
1319 4014 1455 4088 periisse,

352 4129 455 4180 orator
475 4122 606 4197 primum
627 4137 736 4176 navem
758 4120 872 4176 laesam
891 4137 960 4176 esse
983 4117 1056 4175 nihil
1078 4119 1119 4174 ad
1140 4135 1204 4174 rem
1221 4117 1372 4191 pertinere
1393 4115 1456 4172 dis·

424 4359 434 4402 l
455 4363 496 4414 De
519 4361 645 4430 singulari
661 4375 770 4412 numero
790 4361 921 4413 lemmatis
941 4360 1002 4413 vide
1019 4360 1096 4413 huius
1114 4361 1182 4431 disp.
1202 4376 1228 4431 p,
1248 4362 1264 4410 6
1281 4367 1338 4413 not.
1362 4373 1383 4413 1.

930 4616 1085 4703 Γ
