3532 5038
898 384 933 444 τι

361 541 497 633 μειράκιά
530 539 736 621 παντάπασιν,
776 543 875 607 οὐτοσὶ
907 537 941 607 δέ
973 541 1120 629 Λάκριτος
1159 547 1348 626 Φασηλίτης,
1385 551 1467 637 μέγα

361 651 494 734 πρᾶγμα,
513 641 701 731 Ἰσοκράτους
722 640 875 730 μαθητής)
897 651 992 726 liquet
1013 651 1118 710 iratres
1134 653 1245 711 Lacriti
1267 657 1467 716 Artemonem

362 763 392 812 et
422 754 646 828 Apollodorum
678 759 743 809 tum
773 769 843 809 cum
874 753 977 826 pactio
1013 752 1092 810 facta
1121 763 1187 812 erat
1213 756 1470 818 adulescentulos

361 857 455 914 inisse
485 863 515 912 et
536 854 691 912 Lacritum
711 855 841 911 maxime
869 852 895 930 (ξ
917 867 933 928 7
956 843 1058 912 πάντα
1086 850 1196 936 ὅσοιπερ
1220 851 1390 938 ὑπισχνεῖτο
1415 849 1467 920 zat

361 946 522 1038 ἀνεδέχετο
543 946 690 1034 Λάκριτος
712 949 812 1014 οὑτοσί
837 955 874 1015 cf.
901 960 916 1029 ξ
945 956 1000 1033 ι5.)
1030 964 1129 1014 totum
1161 961 1321 1033 negotium
1355 965 1465 1037 egisse,

360 1071 462 1118 tamen
484 1039 631 1134 quoniam
651 1057 763 1116 Lacriti
790 1059 924 1114 nominis
951 1059 984 1114 in
1004 1058 1176 1134 syngrapha
1202 1063 1318 1119 mentio
1338 1081 1402 1120 non
1425 1065 1465 1134 fit,

360 1163 444 1221 haud
468 1162 574 1231 dubie,
596 1161 806 1236 Apollodorus
827 1178 897 1218 cum
917 1160 1055 1218 Athenas
1076 1163 1256 1232 revertisset,
1278 1163 1368 1221 fratre
1379 1166 1466 1222 Arte-

361 1283 453 1323 mone
476 1265 507 1321 in
528 1264 658 1321 intinere
680 1261 829 1332 mortuo,l
849 1263 986 1337 inprimis
1004 1265 1201 1320 accusatione
1225 1268 1379 1338 petendus
1393 1277 1466 1337 erat,

295 1369 298 1376 '
360 1369 446 1444 quod
468 1367 601 1442 pecunia
620 1367 772 1440 promissa
798 1383 862 1422 non
882 1366 1062 1435 solveretur,
1092 1399 1126 1408 -
1149 1374 1180 1422 et
1201 1383 1277 1423 sane
1298 1369 1465 1442 petebatur.

361 1469 518 1541 Quoniam
551 1476 652 1525 autem
680 1467 852 1524 Androcles
882 1477 1077 1542 perspectum
1104 1466 1208 1524 habuit
1240 1487 1304 1525 non
1334 1477 1396 1526 tam
1427 1471 1466 1528 ab

360 1572 553 1646 Apollodoro
580 1570 814 1628 adulescentulo
846 1570 1015 1643 sperandas
1047 1587 1116 1627 esse
1146 1572 1295 1644 pecunias
1324 1589 1416 1646 quam
1447 1586 1465 1628 a

360 1672 450 1730 fratre
472 1673 552 1730 illius
574 1671 710 1741 Lacrit0,
739 1671 875 1746 sophista
896 1672 1003 1742 divite,
1026 1672 1077 1746 qui
1100 1673 1193 1729 totius
1215 1674 1331 1747 negotii
1352 1672 1466 1730 machi·

360 1782 450 1832 nator
476 1772 723 1838 versutissimusA
752 1775 823 1848 ipsi,
857 1775 882 1831 si
913 1775 1010 1831 modo
1042 1774 1118 1849 quid
1152 1792 1332 1849 recuperare
1362 1775 1466 1844 voluit,

363 1877 468 1952 utique
479 1877 649 1934 vincendus
661 1884 743 1945 erat,
763 1877 796 1932 in
816 1875 971 1932 Lacritum
990 1876 1121 1932 maxime
1142 1876 1281 1934 invectus
1302 1885 1349 1934 est
1367 1877 1467 1934 illum-

362 1995 423 2053 que
457 1979 581 2035 unicum
608 1977 755 2036 heredem
784 1979 957 2035 Artemonis
992 1996 1059 2035 esse
1087 1978 1231 2035 mentitus
1265 1986 1311 2035 est
1319 1976 1347 2048 ;³
1380 1981 1467 2054 quod

360 2097 460 2137 rerum
484 2082 721 2138 verae'nattrrae
742 2081 868 2136 minime
889 2081 1072 2154 respondet,
1094 2081 1119 2136 si
1141 2080 1267 2155 quidem
1291 2082 1464 2138 secundum

360 2183 442 2256 leges
476 2177 682 2239 hereditarias
716 2199 781 2240 non
814 2182 915 2238 minus
948 2182 1158 2256 Apollodorus
1200 2198 1291 2256 quam
1326 2182 1464 2239 Lacritus

359 2302 459 2341 rerum
482 2284 657 2342 Artemonis
678 2285 830 2360 particeps
849 2283 919 2340 fieri
935 2284 1078 2342 debebat.

374 2405 377 2409 ⁴
438 2385 505 2463 Jam
535 2403 631 2442 unum
653 2385 781 2443 fortasse
804 2394 930 2462 quaerat
951 2387 1115 2462 quispiam,
1142 2388 1248 2444 curin
1269 2383 1468 2443 testimoniis4

362 2488 543 2564 Apollodori
571 2489 685 2544 nomen
713 2496 984 2556 commemoretur,
1016 2489 1190 2545 Artemonis
1220 2487 1316 2545 fratris
1343 2487 1465 2544 maioris

360 2598 444 2659 natu,
466 2589 554 2646 cuius
576 2590 674 2663 primo
697 2589 767 2645 loco
789 2590 905 2646 mentio
927 2588 1071 2646 iacienda
1093 2591 1139 2659 sit,
1162 2590 1326 2662 omittatur.
1369 2587 1464 2645 Cuius
1517 2569 1526 2582 ’

359 2693 402 2748 rei
431 2709 526 2748 causa
552 2692 624 2748 satis
651 2691 814 2765 perspicua
835 2691 866 2748 in
887 2709 926 2747 eo
946 2692 1048 2766 posita
1067 2699 1114 2748 est
1134 2693 1220 2766 quod
1242 2709 1358 2748 nomen
1379 2692 1466 2748 Arte·

359 2795 470 2864 monis,
491 2811 560 2851 cum
581 2802 720 2850 mortuus
742 2801 832 2863 esset,
854 2793 961 2850 afferre
984 2793 1056 2850 nihil
1077 2794 1230 2851 intererat.
1409 2873 1412 2878 ἱ

440 2893 583 2952 Ceterum
606 2896 724 2952 addere
747 2895 819 2952 mihi
841 2895 930 2952 liceat
951 2895 984 2952 id
1005 2897 1114 2970 ipsum,
1136 2897 1222 2970 quod
1241 2896 1283 2952 de
1297 2886 1463 2956 Artemone

359 2999 390 3055 in
411 2999 594 3056 testimoniis
616 3015 717 3055 sermo
739 3016 804 3056 non
826 2999 871 3068 lit,
897 2999 1086 3055 documento
1108 2998 1181 3056 mihi
1203 2999 1299 3055 videri
1319 2997 1465 3054 formulas

360 3099 426 3156 illas
447 3101 600 3174 genuinas
622 3118 691 3158 esse
700 3117 711 3169 ;·
732 3117 802 3156 nam
827 3099 979 3170 falsarius,
1005 3101 1057 3175 qui
1079 3101 1209 3156 maxime
1230 3107 1370 3156 tenorem
1395 3116 1464 3156 ora·

364 3217 563 3228 ---—.—-

359 3287 507 3348 δανείζεσδαι
531 3284 556 3338 ἐν
588 3289 624 3356 τῷ
649 3286 756 3357 ἐμπορίῳ
781 3280 881 3338 ναυτικὰ
905 3282 1023 3356 χρήματα
1052 3285 1092 3338 καλ
1115 3287 1177 3338 ταῦτ
1198 3283 1340 3354 ἀποστερεῖν
1364 3284 1404 3336 καλ
1430 3279 1464 3356 μή

357 3370 512 3440 ἀποδόσθαι)
529 3376 740 3428 luculentissime
759 3385 869 3442 apparet
886 3375 936 3443 (ci.
965 3375 1144 3443 etiamfi31).
1181 3377 1222 3425 Ex
1240 3376 1274 3425 iis
1293 3391 1359 3440 quae
1387 3375 1464 3426 affert

358 3463 477 3513 Blassius
497 3463 526 3531 tl.
547 3480 570 3514 c.
593 3480 620 3529 p.
645 3475 694 3527 502
714 3472 770 3514 not.
793 3464 821 3528 4)
846 3481 881 3516 sc.
909 3481 940 3513 ex
967 3465 1056 3514 verbis
1080 3464 1129 3530 §7
1157 3460 1286 3533 Ἀρτέμωνι
1313 3462 1349 3530 τῷ
1373 3456 1463 3512 τούτου

357 3547 459 3619 ἀδελφῷ
482 3548 523 3600 aul
542 3545 737 3621 Ἀπολλοδώρῳ,
765 3535 925 3602 contrarium
953 3551 1016 3601 mihi
1045 3567 1098 3600 non
1127 3551 1198 3600 effici
1228 3551 1340 3599 videtur.
1383 3551 1463 3596 Immo

360 3639 484 3704 quoniam
502 3639 555 3688 hoc
577 3639 640 3688 loco
662 3639 800 3690 debitores
823 3641 877 3690 duo
898 3640 1079 3688 tantummodo
1103 3645 1281 3687 memorantur
1298 3637 1412 3684 Artemo
1437 3645 1461 3682 et

361 3727 576 3792 Appollodorus,
596 3725 612 3792 ξ
631 3727 646 3777 8
669 3735 757 3776 autern
776 3727 817 3776 illi
837 3728 932 3776 fratres
947 3727 1045 3776 Lacriti
1066 3725 1255 3788 significantur,
1276 3731 1349 3772 extra
1359 3737 1463 3770 ornnem

360 3813 537 3864 dubitationis
556 3814 640 3864 aleam
658 3816 774 3880 positum
787 3815 892 3864 videtur
901 3813 1101 3879 Apollodorum
1122 3793 1228 3862 tratrem
1249 3811 1331 3860 inisse
1353 3808 1463 3858 Lacriti.

364 3901 445 3964 Quod
464 3909 551 3951 autem
569 3903 596 3952 in
616 3903 737 3952 oratioue
758 3903 816 3968 ipsa
826 3903 982 3952 Artemonis
993 3917 1088 3950 nomen
1098 3900 1207 3950 maxime
1227 3897 1354 3964 premitur
1365 3895 1408 3962 (ἐξ
1422 3907 1462 3959 15.

364 3990 403 4038 16.
424 3992 478 4053 30.)
503 3990 530 4038 id
554 3990 616 4038 ideo
636 3989 694 4039 fieri
713 3997 779 4055 puto
800 3991 872 4056 quod
892 3989 938 4039 ille
965 3991 1046 4038 irater
1065 3989 1148 4038 maior
1162 3994 1225 4036 natu
1248 3985 1309 4034 suit.
1346 3984 1463 4034 Accedit

360 4077 431 4140 quod
442 4077 551 4126 maxime
567 4077 689 4127 interluit
705 4078 830 4137 oratoris,
851 4094 909 4126 cum
929 4077 1064 4126 Lacritum
1080 4075 1184 4125 unicum
1199 4073 1324 4123 heredem
1344 4073 1464 4122 finxisset

360 4163 527 4222 Artemonis,
546 4165 711 4230 Apollodori
730 4165 798 4214 alius
815 4166 903 4214 fratris
922 4181 1018 4214 nomen
1038 4179 1114 4229 quam
1129 4163 1239 4212 maxime
1258 4161 1380 4210 reticere.
1418 4160 1464 4209 Ad

359 4259 442 4301 totam
462 4268 515 4301 rem
537 4253 598 4302 vlde
617 4253 652 4302 A.
674 4251 785 4301 Schiiier
805 4251 822 4302 l.
844 4268 866 4301 c.
888 4268 914 4317 p.
935 4253 994 4301 286.
1016 4252 1075 4301 288.

430 4335 510 4402 ¹53·
565 4337 736 4408 iiiive&
791 4336 994 4405 wislam·
1051 4335 1226 4404 ⁴§s20ss
1248 4349 1317 4401 2317·
1337 4347 1462 4398 sccu-
