3532 5038
580 558 603 594 a.

272 683 425 750 Syngrapha
447 683 475 731 in
498 689 564 731 orat.
590 681 714 738 XXXV,
739 677 773 744 §A
796 688 913 737 10-13.

289 786 469 838 ΣΥΓΓΡΑΦΠ.
509 781 655 837 ’Πδάνεισαν
678 781 862 850 Ἀνδροκλῆς
850 774 969 848 Σφήττιος

218 866 259 917 καί
282 861 451 933 Ναυσικράτης
479 860 614 933 Παρὺστιος
634 861 761 932 Α’ρέτμωνι
789 857 829 910 καί
849 856 969 908 Ἀπολλο-

220 941 293 1014 δώρῳ
312 943 465 1008 Φασηλίταις
484 936 628 1049 δραχμάς’
616 942 731 1010 αργυρίου
750 935 898 1009 τρισχιλίας
899 931 969 1000 A&A·

221 1025 298 1089 νηθεν
329 1021 361 1082 εἰς
392 1022 428 1072 Me
420 1018 537 1086 ἠνδην
569 1016 687 1084 Σκιώνην
719 1018 759 1069 καί
791 1016 906 1067 ἐντεῦθεν
940 1010 971 1072 είς

221 1099 355 1170 Βόσπορον,
377 1094 464 1152 ἐὰνδὲ
485 1094 632 1167 βοὺλωνται,
651 1099 694 1164 της
712 1095 747 1148 ἐπ’
768 1087 881 1164 ἀριστερά
902 1092 971 1187 μέχρι

221 1181 390 1250 Βορυσθένους
408 1197 440 1229 κα
437 1174 533 1228 λπάλιν
545 1172 655 1269 ’λθηνριζ
655 1195 699 1240 ε,
694 1174 732 1226 ε’πί
750 1175 883 1232 διακοσίαις
897 1188 972 1222 εικοσι

221 1261 289 1312 πέντε
312 1253 356 1319 τάς
374 1251 495 1326 χιλίας”
474 1275 515 1308 εαν
534 1254 561 1307 δέ
580 1253 629 1325 μετ’
646 1253 761 1323 Ἄρκτοὺρ
762 1273 789 1304 ον
808 1247 972 1342 ἐκηλεὺσωσιν

234 1339 311 1390 κτοὺ
334 1334 425 1389 πόντου
444 1333 478 1432 ἐφ’
499 1329 614 1402 Ιερόν,’
605 1333 642 1385 επί
661 1334 807 1402 τριακοσίαις
824 1327 867 1424 τὰς
883 1330 972 1399 χιλίας,

223 1417 306 1471 AttA⁸
284 1437 350 1469 οινου
375 1415 524 1485 κεραμίοις
516 1413 647 1508 θΙενδαίρις
669 1407 862 1506 τρισχιλίοις,’
850 1431 876 1470 ος
898 1409 973 1460 πλευ-

223 1502 299 1550 σεῖται
331 1495 357 1547 ἐκ
385 1491 528 1558 Μένδης’
512 1513 527 1558 η
553 1487 660 1556 Σκιιόνης
687 1489 712 1540 ἐν
739 1509 768 1559 τῃ
799 1484 894 1556 είκοσόρ
895 1509 916 1537 ω
943 1484 974 1552 ην

222 1573 355 1646 ’λβλησιος
390 1571 526 1639 ναυκληρεῖ
566 1569 711 1620 ὑποτιθεασι
743 1567 769 1620 δέ
801 1568 893 1630 ταῦτα,
930 1563 975 1617 οὑκ

224 1654 361 1725 ὑφειλοντες
384 1651 421 1704 ἐπλ
444 1646 539 1710 τούτοις
564 1645 635 1718 ἀλλῳ
660 1647 739 1701 οὑδενλ
763 1646 834 1700 οὑδέν
852 1642 974 1714 ἀργὺριον,

225 1732 276 1786 οὐδ’
302 1731 498 1783 ἐπιδανείσονται.
540 1727 580 1778 καί
602 1723 723 1788 ἀπάξουσι
752 1720 783 1778 τά
805 1722 922 1795 χρηματα
944 1720 975 1776 τὰ

225 1813 251 1864 ἐκ
278 1813 322 1863 τοῦ
353 1804 450 1860 Πόντου
478 1804 681 1875 ἀντιφορισθέντα
710 1802 783 1857 πάλιν
807 1802 961 1896 ’λθηναζε’
951 1823 976 1855 εν
1005 1830 1008 1834 ·

225 1895 261 1960 τῷ
287 1889 355 1943 αὑτῶ
379 1880 500 1954 πλοίω”
485 1899 589 1937 απαντα·
612 1885 747 1936 σωθέντων
764 1884 791 1936 δέ
810 1885 859 1935 τῶν
878 1878 976 1952 χρημά-

226 1991 276 2022 των
283 1945 403 2034 Ἀθηναζε
422 1961 634 2018 ἀποδῶσουσιν’
612 1984 635 2014 οι
652 1959 813 2032 δανειζόμενοι
832 1966 882 2024 τοίς
897 1962 976 2014 δανεί-

228 2070 284 2102 σασι
306 2043 335 2102 τὸ
344 2039 504 2115 γιγνόμενον
533 2037 646 2136 ἀργὺριον
674 2036 736 2093 κατόι
761 2037 806 2108 την
835 2036 977 2110 συγγραφὴν

227 2129 324 2198 ημερῶν
342 2126 438 2190 είκοσιν,
455 2121 496 2219 ἀφ’
519 2111 581 2190 A3
566 2141 596 2173 αν
617 2119 727 2172 ἔλθωσιν
736 2117 866 2214 Ἀθηνριζε,
886 2119 978 2180 ἐντελές

228 2203 292 2274 πλὴν
313 2201 465 2275 ἐκβολης,1
450 2224 482 2270 ην
505 2201 535 2254 ἀν
559 2201 581 2252 οἱ
606 2196 743 2269 σὺμπλοιί
732 2219 891 2298 Ιφηφισριμενοι
910 2201 977 2267 κοινῇ

229 2282 394 2354 ἐκβάλωνται,
421 2283 462 2334 καί
490 2279 520 2333 ἀν
545 2300 567 2332 τι
590 2277 754 2376 πολεμίοις’
740 2280 897 2332 αποτίσωσιν·
928 2279 979 2330 τῶν

229 2361 374 2416 δ’ἀλλων’
361 2357 477 2414 απάντων
496 2359 599 2420 ἐντελές.
624 2359 664 2410 καί
684 2357 811 2454 παρέξουσι
830 2362 879 2419 τοῖς
900 2359 978 2410 δανεί-

230 2462 286 2533 σρισι
304 2436 349 2507 την
368 2425 524 2506 ὑποθηκην’
509 2440 631 2506 ανέπαφον
645 2440 748 2506 κρατεῖν,
767 2436 841 2498 ἕως
826 2457 856 2488 αν
868 2435 979 2490 ἀποδῶσι

229 2517 259 2572 τό
282 2515 424 2588 γιγνόμενον
450 2514 565 2586 ἀργὺριον
592 2510 655 2567 κατὰ
684 2509 729 2581 την
751 2513 900 2610 συγγραφην,
938 2515 980 2570 ἐάν

230 2600 257 2652 δε
275 2593 307 2669 μη
328 2594 483 2650 ἀποδῶσιν’
473 2615 497 2646 εν
519 2595 556 2646 τῶ
575 2593 722 2664 συγκειμένῳ
741 2591 838 2663 χρόνω,
865 2593 895 2648 τόι
919 2596 980 2649 ὑπο-

229 2679 325 2748 κείμενα
351 2679 402 2736 τοῖς
429 2675 565 2726 δανείσασιν
593 2670 679 2734 ἐξέστω
704 2671 833 2724 ὑποθεῖναι
856 2674 931 2725 καί
917 2695 980 2728 απο-

230 2753 323 2809 δόσθαι
346 2757 389 2821 της
412 2747 572 2848 ὑπαρχούσης
598 2751 674 2820 τιμης
702 2749 776 2802 κάλ’
766 2747 808 2803 εάν
835 2771 857 2803 τι
881 2752 979 2845 ἐλλείπη

230 2837 274 2888 τοὺ
302 2833 431 2904 ἀργυρίου,
459 2830 473 2885 ὃ
498 2835 533 2884 δ.-”ι
559 2830 676 2898 γενέσθαι
699 2834 749 2892 τοῖς
772 2831 895 2883 δανείσασι
918 2831 981 2886 κατὰ

230 2910 275 2982 τὴν
297 2907 452 2982 συγγραφὴν,
477 2904 540 2962 κατὰ
560 2906 708 2978 Ἀρτέμωνος
731 2908 771 2960 καλ
792 2907 980 2980 Ἀπολλοδώρου

231 2993 294 3045 ἐστω
317 2991 332 3058 η
358 2990 441 3060 πρᾶξις
470 2992 519 3049 τοῖς
546 2989 670 3041 δανείσασι
695 2989 735 3040 καί
763 2988 789 3041 ἐκ
810 2991 860 3041 τῶν
885 2988 982 3044 τοὺτων

230 3068 417 3137 ἁπάντων,καί
437 3068 538 3136 ἐγγείων
556 3067 596 3119 καλ
614 3070 747 3134 ναυτικῶν,
768 3073 899 3138 πανταχοῦ
919 3067 981 3123 ὅπου

231 3150 261 3207 ἂν
280 3142 338 3215 ῶσι,
361 3144 477 3215 καθάπερ
501 3148 570 3213 δίκην
593 3144 745 3216 ὠφληκότων
765 3148 805 3199 καλ
828 3146 982 3219 ὑπερημέρων

231 3226 322 3292 όντων,
345 3227 385 3319 κριλ
408 3225 446 3276 ἐπί
464 3225 568 3318 ἐκριτέρῳ
590 3228 640 3276 τῶν
659 3224 822 3279 δανεισάντων
840 3227 880 3278 καί
901 3226 982 3299 ἀμφο-

231 3307 313 3398 τέροις.
342 3301 384 3358 ἐὰν
412 3304 437 3356 δέ
468 3299 500 3374 μη
531 3299 676 3373 εἰσβάλωσι,
713 3307 834 3374 μείναντες
866 3304 904 3357 ἐπί
930 3309 983 3359 κυνί

230 3385 320 3477 ημέρας
343 3382 438 3436 δέκα’
428 3403 453 3434 εν
479 3378 672 3453 Ἑλλησπόντῳ,
701 3380 876 3454 ἐξελόμενοι”
863 3404 925 3438 οπου
954 3387 984 3439 ἀν

232 3460 264 3534 μη
289 3454 406 3515 σὺλαι’
386 3483 445 3514 ωσιν
461 3461 608 3554 Ἀθηναίοις,
636 3461 675 3512 καλ
703 3461 818 3514 ἐντεῦθεν
844 3464 983 3519 καταπλεὺ-

232 3562 317 3603 σαντες
333 3538 453 3608 Ἀθήναζε
478 3536 535 3601 τοὺς
557 3536 645 3602 τόκους
662 3537 807 3594 ἀποδόντων
827 3539 884 3605 τοὺς
901 3564 984 3614 περυσι

232 3621 367 3713 γραφέντας
392 3618 423 3681 είς
452 3615 496 3686 την
526 3615 676 3696 συγγραφην,
706 3616 748 3672 ἐὰν
779 3622 853 3673 δέτι
880 3622 895 3689 η
926 3627 984 3685 ναῦς

232 3695 334 3768 πάθη’
321 3696 463 3767 ανηκεστον,
483 3697 507 3750 ἐν
526 3690 540 3770 A
561 3697 591 3750 ἀν
609 3693 711 3766 πλέῃ’
687 3718 717 3751 τα
731 3695 855 3770 χρηματα,
876 3705 984 3772 σωτηρία

233 3775 325 3829 δ’ἔσται
356 3778 406 3828 τῶν
438 3775 612 3846 ὑποκειμένων,
649 3771 680 3828 τά
713 3774 883 3848 περιγενόμενα
916 3775 984 3834 κοινά

233 3854 296 3906 ἔστω
323 3859 373 3916 τοῖς
400 3856 544 3910 δανείσασιν.
587 3852 731 3925 κυριώτερον
758 3856 785 3908 δὲ
812 3857 864 3926 περὶ
888 3856 985 3912 τοὺτων

233 3931 298 3986 ἀλλο
317 3933 393 4004 μηδἐν
411 3929 470 3986 εἶναι
487 3935 531 4001 τῆς
549 3936 697 4003 συγγραφῆς·

305 4008 430 4082 Μάρτυρες
448 4013 566 4082 Φορμίων
585 4009 715 4082 Πειραιεὺς,
737 4011 909 4086 Κηφισόδωρος
929 4019 984 4069 Ποι-

235 4087 313 4156 ῶτιος,
330 4088 482 4161 Ἠλιόδωρος
502 4089 616 4153 Πιτθεὺς.

1331 525 1357 576 b.

1055 669 1129 732 Quae
1151 668 1184 716 ad
1203 683 1289 732 syngr.
1309 667 1444 732 pertinent
1464 683 1495 716 ex
1515 667 1648 717 oratione

1237 755 1295 820 ipsa
1314 755 1453 820 exscripta

1021 932 1036 998 ξ
1058 933 1098 980 18.
1117 924 1161 989 τὰς
1179 913 1307 997 τριάκοντα
1328 929 1395 997 μνᾶς.

1023 1164 1038 1230 ξ
1060 1175 1100 1225 50.
1121 1159 1152 1221 είς
1170 1155 1213 1212 τόν
1233 1155 1328 1210 Πόντον
1347 1157 1427 1210 έδωκα
1450 1153 1481 1210 τά
1499 1155 1622 1228 χρηματα
1643 1161 1681 1211 καί

1057 1237 1130 1293 πάλιν
1149 1236 1277 1306 Ἀθηναζε.

1024 1401 1039 1467 ξ
1062 1402 1101 1450 18.
1123 1396 1158 1449 ἐπ’
1181 1396 1247 1449 οίνου
1266 1395 1386 1465 κεραμίοις
1404 1395 1545 1464 τρισχιλίοις
1565 1436 1570 1446 .
1592 1437 1598 1446 .
1622 1438 1628 1450 .
1651 1437 1656 1449 .
1676 1441 1681 1450 ,

1061 1517 1168 1532 .....
1188 1475 1219 1536 είς
1237 1471 1281 1528 τὀν
1295 1472 1390 1528 Πόντον
1409 1474 1434 1526 ἐν
1453 1477 1483 1546 τῇ
1502 1471 1634 1545 εἰκοσόρῳ,
1653 1475 1682 1540 ην

1058 1552 1190 1624 Ὑβλήσιος
1208 1550 1355 1622 ἐναυκληρει.
1395 1557 1464 1622 ξεῖ,
1482 1554 1632 1607 ὑποτιθέασι
1657 1557 1682 1606 δὲ

1061 1631 1128 1685 ταῦτ’
1150 1630 1270 1700 ἐλεύθερα
1288 1632 1328 1682 καλ
1347 1631 1427 1685 οὑδενλ
1449 1631 1520 1686 οὑδέν
1540 1630 1683 1701 όφειλοντες

1113 1753 1118 1764 .
1138 1710 1196 1763 οὑδὲ
1220 1709 1410 1763 ἐπιδανείσονται
1437 1710 1474 1763 ἐπὶ
1497 1707 1593 1772 τοίτοις
1625 1711 1682 1781 παρ’

1062 1786 1168 1850 οὐδενός,
1204 1794 1218 1853 ξ
1239 1803 1280 1852 24.
1305 1787 1401 1841 ἐπειδὰν
1425 1787 1568 1840 ἀποδῶνται
1594 1787 1621 1840 ἐν
1647 1793 1683 1857 τῷ

1063 1866 1151 1939 Πόντῳ
1169 1864 1286 1937 χρηματα
1305 1906 1311 1920 .
1333 1906 1339 1919 .
1360 1863 1464 1934 ἀπάγειν
1479 1864 1600 1933 Ἀθηναζε
1614 1866 1683 1920 ἀντι·

1063 1949 1218 2018 φορισθέντα.

1028 2108 1044 2174 ξ
1064 2121 1106 2170 24.
1131 2098 1227 2156 ἐπειδάν
1250 2102 1384 2172 ἀφίκωνται
1400 2098 1521 2169 Ἀθήναζε
1545 2099 1685 2154 ἀποδοῦναι

1064 2185 1152 2236 εἴκοσιν
1170 2183 1267 2254 ἡμερῶν
1284 2178 1314 2234 τὸ
1332 2178 1446 2252 ἀργὺριον
1464 2181 1521 2250 ημῖν
1541 2177 1653 2251 δόκιμον.

1031 2429 1046 2494 ξ
1067 2442 1107 2490 24.
1132 2426 1177 2485 ἕως
1195 2422 1253 2476 δ’ἀν
1271 2421 1383 2476 ἀποδῶσι
1402 2424 1497 2490 κρατεῖν
1515 2422 1565 2472 τῶν
1585 2419 1687 2492 χρημά-

1066 2527 1116 2558 των
1146 2505 1212 2576 ημάς
1242 2505 1283 2556 καλ
1315 2501 1426 2571 ἀνέπαφα
1460 2500 1539 2552 ταῦτα
1571 2503 1688 2570 παρέχειν

1066 2583 1175 2646 τοὺτους.

1036 3935 1051 4002 β
1072 3947 1114 4016 3⁸9.
1138 3931 1153 3998 A
1176 3974 1181 3986 .
1203 3970 1208 3984 .
1234 3922 1361 3998 συγγραφη
1390 3923 1461 3980 οὐδὲν
1489 3921 1634 3996 κυριώτερον
1663 3929 1693 3998 ἐᾷ

1072 4017 1130 4064 εἰναι
1149 4013 1199 4064 τῶν
1218 4009 1409 4077 ἐγγεγραμένων.
