3532 5038
878 396 916 470 38

346 580 466 636 venisse
500 578 746 635 existimabimus.
800 576 899 632 Etiam
936 576 1065 632 molesta
1101 575 1151 632 illa
1184 577 1324 649 repetitio
1364 577 1447 632 verbi

347 670 464 760 δίδωμι,
491 698 570 755 quae
598 681 629 735 in
655 687 838 736 testamento
871 677 1011 735 Pasionis
1038 679 1178 745 occurrit,
1207 679 1238 732 in
1264 677 1309 734 his
1338 679 1450 734 instru-

347 784 456 840 mentis
480 783 590 838 usitata
610 782 729 838 videtur
751 779 862 848 luisse;
889 780 973 853 apud
994 778 1116 852 Lysiam
1142 779 1268 853 quidem
1297 779 1313 836 l.
1337 791 1361 838 e.
1391 779 1450 836 hoc

348 884 460 942 lactum
490 884 629 939 videmus
655 891 686 938 et
714 882 797 956 apud
825 881 980 937 Laertium
1006 879 1097 953 Diog.
1123 881 1154 936 in
1181 887 1364 936 testamento
1391 879 1450 955 Ly·

348 985 459 1054 οοιιίε,ι
484 985 534 1041 ubi
549 985 673 1040 verbum
695 971 800 1061 δίδωμι
821 984 933 1056 septies
956 984 1084 1039 omnino
1106 983 1251 1055 repetitur
1268 1001 1305 1038 ac
1320 984 1449 1038 maxime

346 1094 361 1162 ᾖ
383 1103 435 1162 73:
463 1083 513 1143 καὶ
540 1075 591 1143 δύο
618 1086 691 1165 μναῖς
713 1079 797 1159 αὐτῷ
818 1072 948 1161 δίδωμι
978 1081 1028 1140 καὶ
1056 1074 1098 1140 τὰ
1121 1076 1179 1162 ἐμὰ
1199 1079 1299 1159 βίβλια
1319 1075 1361 1140 τὰ
1384 1078 1449 1140 σίνε-

346 1183 509 1268 γνωσμένα
538 1179 579 1243 τὰ
602 1176 630 1244 δ’
658 1229 782 1243 .....
809 1181 890 1254 ὅπως
925 1174 1036 1262 ἐκδῷ.
1070 1173 1200 1263 δίδωμι
1228 1174 1261 1242 δὲ
1286 1182 1337 1242 καὶ
1363 1175 1448 1262 Σύρῳ

347 1285 497 1367 ἐλευθέρῳ
527 1281 596 1374 ,ίντι
631 1283 781 1367 τέτταρας
824 1289 898 1365 μναῖς
929 1283 981 1344 καὶ
1013 1280 1068 1352 τὴν
1094 1275 1275 1363 Μηνοδώραν
1306 1275 1421 1366 δίδωμ
1430 1307 1447 1342 ι.

347 1391 425 1448 Cum
450 1392 621 1447 novissimis
651 1391 824 1446 testamenti
846 1389 1078 1446 Demosthenici
1106 1389 1232 1445 vocibus
1259 1387 1401 1444 conseras
1424 1389 1448 1444 si

346 1494 447 1567 placet
468 1493 559 1548 verba
580 1493 731 1549 simillima
754 1493 837 1565 apud
860 1491 1013 1548 Laertium
1034 1491 1099 1548 D.²:
1121 1482 1163 1547 rol
1185 1485 1238 1569 μὲν
1258 1488 1330 1547 οἴκοι
1351 1479 1449 1567 ὑπάρ-

346 1613 441 1674 χοντα
475 1584 576 1651 πάντα
611 1581 717 1672 δίὸωμι
748 1583 894 1669 ίίίελοὶντιΙΙ
931 1592 996 1650 et3:
1032 1583 1074 1648 τά
1107 1586 1160 1668 μὲν
1190 1588 1220 1648 ἐν
1248 1590 1318 1668 οἴκῳ
1347 1581 1448 1648 πάντα

346 1685 452 1775 δίδωμι
474 1685 635 1777 οἰὸελιροῒς.ί

431 1795 540 1852 Paucis
577 1795 712 1869 denique
746 1799 918 1854 monuerim
953 1815 1018 1853 non
1055 1797 1279 1852 oflendcndum
1319 1803 1387 1852 esse
1420 1797 1470 1851 in·

347 1897 493 1953 brevitate
521 1899 703 1955 testamenti.
747 1900 847 1974 Atque
874 1901 966 1955 verba
993 1900 1118 1973 quidem
1145 1899 1273 1954 oratoris
1303 1899 1327 1952 si
1356 1900 1451 1971 respi-

347 1999 460 2067 cimus,
487 1998 547 2054 hoc
568 2006 665 2055 totum
694 2000 789 2080 luisse
816 2009 1033 2058 testamentum
1061 2001 1273 2056 confitendum
1295 2000 1363 2067 erit;
1392 2001 1449 2055 sed
1474 2017 1476 2022 ·

347 2101 484 2174 quamvis
505 2101 676 2173 petulantes
699 2111 728 2158 et
749 2104 885 2160 audaces
917 2102 1046 2160 luissent
1075 2103 1236 2159 adversarii
1259 2101 1449 2174 Apollodori,
1503 2112 1507 2121 ·

346 2203 393 2258 vix
415 2203 560 2259 credibile
583 2205 703 2260 videtur
724 2223 778 2262 eos
800 2205 963 2279 protulisse
983 2213 1214 2273 testamentum,
1236 2205 1351 2278 inquo
1374 2203 1450 2258 filio-

346 2322 412 2360 rum
435 2304 549 2362 Pasion
585 2307 714 2362 omnino
750 2307 939 2363 montionem
971 2325 1035 2362 non
1066 2305 1198 2366 fecisset.
1254 2304 1450 2378 Quapropter

347 2407 495 2472 existimo
520 2415 552 2462 ut
573 2409 705 2464 maxime
718 2418 834 2482 pateret
845 2409 1038 2483 impudentia
1050 2409 1302 2478 adversariorum,
1325 2407 1450 2481 Apollo·

347 2509 467 2575 dorum,
489 2525 579 2582 quern
606 2510 701 2565 multa
722 2510 779 2567 hac
803 2513 834 2566 in
857 2512 997 2566 oratione
1019 2511 1134 2584 fingere
1157 2520 1187 2566 ct
1205 2511 1343 2567 ementiri
1365 2509 1450 2564 vide-

346 2627 423 2677 mus,
446 2627 514 2665 eam
533 2611 751 2666 tantummodo
774 2619 891 2684 partem
914 2593 1087 2667 testamenti
1108 2612 1226 2667 recitari
1247 2613 1388 2679 iussisse,
1418 2614 1449 2667 in

347 2728 408 2784 qua
433 2712 537 2767 matris
565 2712 681 2767 mentio
711 2711 790 2768 facta
824 2720 914 2772 esset.
970 2712 1043 2769 Non
1079 2712 1201 2786 plenam
1237 2720 1267 2768 et
1300 2713 1449 2786 integram

326 2831 416 2868 esse
446 2811 606 2868 formulam
628 2813 674 2869 vel
705 2815 779 2870 inde
812 2822 952 2888 apparet,
987 2815 1072 2889 quod
1110 2815 1238 2870 nomina
1265 2823 1448 2884 curatorum,

347 2915 469 2970 testium
502 2915 647 2990 eiusque,
681 2917 765 2990 apud
796 2935 887 2992 quem
910 2917 1085 2991 depositum
1120 2926 1184 2974 erat
1209 2908 1450 2987 testamentum-5

347 3019 461 3074 omissa
480 3026 560 3076 sunt.

535 3175 586 3234 lV.
610 3174 663 3232 De
686 3177 838 3233 tabulae
862 3177 1072 3234 locationis
1095 3176 1266 3233 formula.

429 3293 638 3356 ΜΙΣΘΩΣΙΣ
662 3295 906 3358 ΤΡΑΙΙΕΖΗΣ.
948 3293 1042 3358 Κατὰ
1062 3287 1139 3358 τάδε
1156 3296 1306 3379 ἐμίσθωσε
1324 3296 1451 3358 Πασίων

347 3391 402 3464 τὴν
424 3388 575 3476 τράπεζαν
597 3396 751 3482 Φορμίωνι
773 3398 917 3482 μίσθωσιν
938 3399 1030 3485 φέρειν
1049 3398 1205 3481 Φορμίωνα
1229 3403 1280 3470 τῆς
1301 3392 1450 3480 τραπέζης

348 3508 409 3569 τοῖς
436 3497 519 3558 παισὶ
540 3507 601 3570 τοῖς
627 3497 783 3572 Πασίωνος
809 3491 861 3561 δύο
882 3494 1024 3561 τάλαντα
1043 3500 1094 3560 καὶ
1124 3495 1351 3582 τετταράκοντα
1377 3506 1450 3582 μνᾶς

830 3602 838 3623 x
908 3606 922 3618 Ν

349 3600 404 3660 τοῦ
432 3599 568 3660 ἐνιαυτοῦ
591 3593 733 3676 ἑκάστου,
768 3624 856 3684 χωρις
883 3624 937 3672 της
963 3600 1034 3663 καθ’
1064 3599 1175 3685 ἡμέραν
1205 3593 1380 3674 διοικήσεως·
1409 3599 1449 3684 μί

349 3691 455 3775 ἐξεῖναι
489 3691 524 3762 δὲ
549 3693 779 3784 τραπεζιτεῦσαι
807 3702 895 3785 χωρὶς
933 3701 1093 3785 Φορμίωνι,
1127 3699 1184 3785 tulii
1208 3700 1250 3787 μὴ
1269 3703 1354 3785 πείσῃ
1381 3701 1450 3778 τοὺς

347 3843 547 3850 ——.--———

420 3910 480 3964 lL.
502 3916 536 3964 D.
558 3917 590 3966 V.
612 3929 653 3980 73.

419 3999 480 4051 2L.
501 4003 535 4052 D.
559 4005 590 4053 V.
612 4015 655 4067 5¹·

418 4087 431 4126 3
450 4091 480 4139 L.
502 4091 537 4139 D.
559 4093 590 4140 V.
612 4094 653 4152 69.

417 4173 430 4212 4
449 4178 518 4227 Vide
539 4179 617 4228 etiam
637 4180 668 4229 ad
686 4196 810 4229 summam
830 4197 916 4229 rerum
936 4188 1120 4230 testamentum
1130 4183 1256 4247 Epicteti,
1278 4185 1348 4248 quod
1368 4184 1448 4247 volgo

350 4265 456 4324 dicitur,
477 4267 548 4330 quod
570 4267 722 4316 Boeckhius
741 4268 842 4316 insulae
862 4269 963 4318 Therae
983 4269 1108 4332 assignat.
1145 4271 1175 4319 s.
1196 4272 1217 4319 l.
1238 4269 1270 4320 G.
1292 4273 1368 4334 2448.

417 4350 431 4390 5
450 4355 540 4403 Laert.
559 4355 594 4403 D.
613 4356 647 4415 V,
669 4356 709 4419 56.
