3532 5038
944 347 980 406 32

401 511 500 568 ..videt
528 518 558 567 et
585 509 646 568 hoc
676 519 708 568 et
734 513 820 588 quod
853 513 989 587 sequitur
1015 511 1224 568 testimonium
1257 512 1296 568 ab
1323 511 1516 590 Apollodoro

419 611 491 668 ficta
511 610 599 670 esse?
640 612 756 670 Notum
778 615 861 670 enim
892 601 1042 670 et'tritum
1070 621 1133 670 erat
1159 613 1318 672 artificium
1338 615 1370 672 in
1395 615 1519 672 iudiciis

407 713 545 784 Atticis)
558 721 702 785 actorem,
724 716 852 772 testibus
865 716 1089 786 deficientibus,
1111 733 1173 772 rem
1195 716 1328 792 aliquam
1338 717 1515 774 testimonio

414 815 504 882 allato
528 833 583 890 pro
607 823 690 872 certo
710 817 857 874 affirmare
880 818 1002 874 solitum
1023 835 1094 874 esse
1123 825 1154 874 et
1173 819 1310 894 quamvis
1335 818 1425 882 sciret
1446 817 1516 875 illos

415 936 482 976 esse
504 919 655 975 iuraturos
677 936 741 975 rem
762 921 890 976 nonita
911 937 944 976 se
966 919 1088 988 habere,
1111 926 1214 976 tamen
1240 919 1339 976 verbis
1365 920 1515 994 speciosis

415 1027 445 1078 et
473 1017 641 1095 captiosis2
672 1037 735 1076 rem
767 1021 808 1076 ita
837 1021 921 1096 apud
951 1021 1071 1078 iudices
1101 1019 1306 1086 conformare.
1335 1029 1368 1077 ut
1389 1021 1516 1085 ,animos

412 1121 532 1178 illorum
563 1121 620 1178 sibi
649 1123 838 1180 'conciliaret
894 1124 958 1179 Iam
992 1123 1202 1198 Apollodorus
1233 1140 1303 1180 cum
1333 1123 1391 1198 ipsi
1421 1141 1514 1180 nemo

413 1223 511 1292 suerit,
532 1223 666 1298 quirem
688 1227 704 1295 ὅ
727 1238 763 1299 57
788 1243 831 1300 sq.
861 1233 1130 1282 commemoratam
1156 1257 1195 1268 —-
1216 1242 1304 1300 quae¹
1318 1241 1392 1280 num
1415 1225 1458 1281 ita
1481 1241 1514 1281 se

412 1343 443 1382 re
469 1343 540 1382 vera
570 1324 712 1382 habuerit
744 1327 941 1385 vehementer
972 1328 1081 1386 dubito
1108 1360 1147 1370 -
1172 1334 1347 1396 testaretur,
1382 1343 1443 1401 qua
1468 1333 1515 1382 est

411 1427 545 1484 audacia
571 1433 601 1483 et
626 1427 826 1502 impudentia,
853 1437 886 1486 ut
907 1430 1024 1488 scilicet
1044 1447 1092 1488 res
1113 1448 1151 1487 eo
1173 1429 1271 1503 magis
1292 1429 1427 1502 speciem
1451 1428 1515 1484 veri

412 1545 485 1603 prae
507 1545 540 1585 se
563 1527 639 1586 serre
661 1529 813 1601 videatur,
842 1549 943 1606 aequo
965 1531 1068 1588 animo
1097 1531 1259 1588 contendit
1285 1531 1368 1604 ipsos
1397 1530 1514 1586 amicos

411 1629 603 1688 Phormionis
616 1631 673 1704 ipsi
686 1636 779 1686 testes
798 1625 949 1688 adfuisse!
972 1628 1034 1700 Qui
1045 1628 1195 1704 profect0,
1218 1630 1242 1686 si
1257 1629 1352 1686 semel
1362 1628 1514 1684 mentien-

411 1733 486 1790 dum
507 1733 563 1806 ipsi
585 1739 661 1802 erat,
690 1739 791 1788 utrum
823 1733 921 1788 maius
947 1750 988 1789 an
1013 1733 1115 1790 minus
1141 1731 1339 1789 mendacium
1364 1729 1514 1805 proferret

410 1832 483 1890 nihil
505 1834 654 1891 interesse
674 1834 922 1896 ratiocinabatur.

488 1934 588 1992 Etiam
608 1935 651 2006 id,
670 1935 757 2010 quod
778 1935 846 2010 ipso
867 1936 920 1994 die
940 1935 1052 1994 arbitrii
1074 1934 1153 2012 (560
1170 1929 1222 1993 ὅτε
1242 1923 1277 2001 ἦν
1299 1923 1445 2016 ἀπόφασις
1458 1933 1513 2002 τῆς

409 2023 535 2115 διαίτης)
568 2046 661 2094 testes
694 2038 735 2094 ad
767 2038 981 2095 iusiurandum
1009 2038 1213 2111 adigebantur
1236 2044 1267 2094 et
1298 2037 1513 2104 audiebantur,

409 2141 495 2214 quod
537 2157 573 2196 ex
610 2143 626 2213 ξ
652 2138 690 2213 58
726 2139 935 2208 concluditur,
977 2139 1211 2198 Westermanno
1252 2137 1418 2197 offensioni
1457 2144 1513 2194 est.

411 2240 508 2312 Quod
523 2241 650 2300 Athenis
671 2241 755 2302 haud
777 2242 951 2300 inauditum
972 2241 1066 2300 fuisse
1079 2242 1256 2317 quoniama
1274 2235 1513 2298 Schoemanno³

411 2337 606 2418 patefactum
618 2353 673 2414 est,
695 2345 835 2420 exemplo
857 2363 894 2402 ex
916 2363 959 2404 or.
973 2343 1079 2415 XLlX,
1104 2360 1138 2421 19
1156 2341 1272 2414 allat0,4
1292 2361 1347 2400 cur
1366 2359 1431 2400 non
1451 2340 1513 2398 hoc

408 2445 478 2501 loco
495 2445 612 2519 aliquid
634 2446 731 2503 simile
753 2445 867 2506 sactum
888 2465 956 2504 esse
978 2448 1181 2517 censebimus,
1198 2465 1257 2504 cur
1278 2465 1343 2503 non
1363 2444 1413 2502 hic
1434 2461 1512 2520 quo-

407 2563 467 2620 que
488 2553 596 2602 testem
618 2546 702 2602 illum
722 2547 768 2604 vel
797 2547 854 2605 hac
875 2549 922 2605 vel
950 2549 1001 2604 illa
1022 2550 1063 2605 de
1091 2567 1200 2618 causa,
1234 2548 1400 2624 quominus
1428 2547 1511 2621 prius

407 2665 499 2722 quam
520 2647 588 2721 ipso
610 2647 724 2704 arbitrii
745 2647 796 2704 die
819 2649 903 2724 apud
915 2648 1059 2704 arbitrum
1073 2656 1195 2724 praesto
1219 2656 1310 2720 esset,
1330 2649 1511 2723 impeditum

407 2767 477 2808 esse
499 2747 722 2808 iudicabimus?
764 2747 907 2808 Ceterum
929 2751 1134 2825 reputandum
1156 2758 1211 2822 est,
1231 2751 1317 2826 quod
1338 2751 1399 2807 iam
1420 2768 1512 2825 supra

406 2851 513 2926 paucis
540 2852 638 2927 attigi,
672 2853 733 2910 veri
765 2871 834 2912 esse
862 2853 1045 2925 simillimum
1076 2861 1172 2910 totam
1198 2854 1279 2910 illam
1308 2852 1442 2910 tabulam
1469 2851 1510 2908 de

406 2962 545 3029 surrepto
572 2956 749 3013 testimonio
769 2956 807 3014 ab
828 2955 1022 3031 Apollodoro
1055 2956 1155 3013 fictam
1184 2974 1254 3013 esse
1276 2961 1367 3031 atque
1391 2955 1430 3011 ab
1452 2956 1511 3012 isto

407 3056 499 3112 verba
520 3056 571 3112 illa
596 3060 611 3129 ξ
632 3056 684 3130 58:
710 3048 778 3138 πρὸς
804 3052 964 3136 μαρτυρίαν
983 3048 1060 3130 τινά,
1081 3055 1115 3114 ἵν’
1138 3046 1342 3138 ἐξορκώσαιμι,
1364 3047 1513 3116 ἀναστάν-

404 3176 455 3225 τος
485 3154 558 3234 apos
585 3158 816 3216 inconsiderate
848 3159 993 3232 nullaque
1021 3160 1255 3216 ratiocinatione
1289 3159 1369 3216 sacta
1403 3160 1512 3217 addita

407 3275 486 3326 esse,
507 3264 541 3313 ut
561 3259 688 3316 omnino
711 3259 871 3336 quomodo
892 3257 1004 3316 lurtum
1025 3260 1100 3318 illud
1123 3260 1186 3317 fieri
1207 3268 1328 3336 posset,
1356 3261 1511 3318 iudicibus

404 3359 624 3433 explanaretur.

476 3652 564 3706 1Att.
584 3657 629 3708 Pr.
649 3672 675 3722 p.
696 3657 755 3722 672.

474 3749 487 3790 2
505 3753 565 3804 vide
581 3752 597 3819 ὅ
615 3754 655 3818 58.
676 3749 705 3804 οὐ
725 3747 773 3820 γὰρ
791 3745 917 3820 ἐξομνύναι
937 3747 1066 3816 ἐθελήσειν
1085 3748 1176 3814 αὐτοὺς
1196 3751 1285 3823 οἴομαι.
1322 3752 1337 3818 ξ
1360 3763 1399 3815 59.
1420 3745 1463 3802 ἐὰν
1483 3750 1509 3802 δέ

403 3840 480 3906 τοῦτο
499 3834 634 3904 ποιήσωσιν
653 3835 692 3892 ὑπ’
718 3836 849 3898 ἀναιδείας.
895 3838 910 3902 ξ
933 3841 974 3889 61.
1005 3836 1050 3890 οὐκ
1073 3837 1169 3906 ἄδηλον
1192 3831 1222 3905 ήν
1248 3836 1284 3891 ὅτι
1308 3837 1382 3888 τοῦτο
1406 3835 1509 3908 ἔμελλον

403 3921 518 3992 ποιήσειν,
537 3922 674 3997 προθύμως
696 3925 844 3996 ἐξομεῖσθαι.

474 4020 564 4075 3Att.
585 4027 629 4076 Pr.
650 4042 675 4090 p.
697 4026 755 4090 678.

473 4117 548 4172 4τοι]
573 4119 615 4190 μὲν
638 4114 686 4190 γὰρ
710 4120 842 4191 μαρτυρίαν
860 4138 889 4190 με
908 4117 1061 4190 ἐμβαλέσθαι
1083 4113 1144 4188 πρὸς
1162 4115 1205 4173 τὀν
1225 4116 1350 4188 διαιτητήν
1374 4117 1507 4189 παρεκρού-

403 4224 465 4260 σατο
486 4203 586 4276 φαίσκων
605 4205 641 4262 αἰεί
660 4205 820 4279 μαρτυρήσειν
838 4207 870 4270 είς
887 4202 933 4274 τήν
951 4208 1034 4277 κυρίαν
1054 4203 1185 4278 ἀπόφασιν.
1207 4204 1287 4275 ἐπειδή
1311 4207 1351 4276 δ’ή
1372 4209 1452 4262 δίαιτα
1469 4204 1507 4279 ήν,

402 4294 570 4366 προσκληθεὶς
587 4290 637 4348 ἀπὸ
655 4296 698 4358 τῖς
716 4294 792 4360 οἰκίας
809 4294 874 4349 ἔλιπε
892 4290 937 4351 ,τήν
958 4297 1105 4367 μαρτυρίαν.
