3532 5038
938 368 1075 460 16-

402 567 503 607 sermo
524 555 585 619 est,
613 566 678 606 non
699 555 799 606 toturn
820 550 978 623 negotium
1000 550 1113 624 suscipi
1135 551 1273 625 periculo
1295 552 1506 623 creditorum,1

401 653 465 708 non
487 652 624 726 denique
649 652 800 727 quidnam
821 653 981 726 potestatis
1002 653 1033 708 in
1061 653 1217 711 debitores
1244 655 1282 711 sit
1302 655 1504 713 creditoribus

400 754 534 828 pecunia
554 771 619 809 non
642 753 757 823 soluta,
788 754 1015 811 determinatur.
1058 753 1147 812 Haec
1179 757 1297 823 omnia,
1332 774 1411 832 quae
1441 765 1503 814 tam

336 935 339 942 Ι
402 863 545 913 accurate
567 855 695 912 delinita
715 863 802 925 sunt,
824 872 843 911 a
866 855 987 912 falsario
1009 855 1146 930 quodam
1168 858 1276 914 addita
1297 876 1380 928 esse,
1409 875 1502 916 nemo

382 957 487 1016 -facile
509 975 645 1033 unquam
668 959 724 1016 sibi
748 958 942 1032 persuadeat.

480 1061 542 1118 Sed
570 1056 662 1118 etiarn
686 1061 745 1117 alia
766 1061 806 1117 de
828 1077 923 1118 causa
951 1078 1000 1117 me
1022 1060 1125 1117 iudice
1146 1061 1187 1117 de
1206 1062 1386 1120 auctoritate
1412 1061 1502 1122 huius

399 1165 548 1222 formulae
561 1182 626 1220 non
637 1163 843 1232 dubitandum
855 1173 910 1221 est.
933 1161 1055 1220 Etenim
1066 1181 1103 1220 ex
1114 1162 1290 1238 fragmentis
1303 1163 1502 1238 syngraphae,

398 1285 478 1342 quae
504 1268 535 1323 in
564 1266 705 1322 oratione
725 1264 794 1322 LVI
815 1266 961 1323 adversus
976 1264 1230 1340 Dionysodorum
1252 1265 1353 1324 habita
1374 1275 1502 1336 exstant,

397 1369 540 1443 colligere
562 1384 737 1442 possumus,
759 1368 784 1424 si
807 1385 876 1423 cum
899 1367 1070 1442 syngrapha
1094 1375 1168 1424 orat.
1210 1366 1323 1424 XXXV
1344 1385 1502 1442 compara·

395 1473 513 1546 tionem
542 1470 743 1540 instituimus,
772 1469 803 1526 in
829 1469 939 1525 talibus
960 1467 1097 1526 formulis
1129 1469 1309 1528 sollemnem
1344 1472 1500 1545 quendam

395 1573 599 1648 popriumque
620 1588 794 1628 sermonem
817 1569 920 1628 fuisse.
963 1569 1058 1642 Quod
1080 1589 1143 1645 quo
1164 1572 1273 1628 melius
1299 1572 1499 1646 intellegatur,

397 1673 567 1749 fragmenta
584 1672 775 1749 syngraphae
797 1680 863 1730 orat
913 1671 982 1729 LVI
1004 1681 1035 1729 et
1054 1705 1091 1714 —
1114 1673 1139 1730 si
1160 1659 1229 1747 quis
1241 1671 1319 1730 forte
1333 1671 1379 1730 his
1391 1690 1498 1746 parum

396 1776 469 1834 lidei
481 1776 593 1832 tribuat
607 1807 635 1816 —
655 1773 755 1844 verba,
774 1791 853 1849 quae
866 1774 906 1831 ad
921 1773 1122 1850 syngrapham
1137 1781 1285 1848 spectant,
1307 1793 1344 1830 ex
1357 1775 1497 1830 oratione

395 1879 461 1952 ipsa
483 1878 631 1952 exscripta
658 1875 847 1952 syngraphae
869 1885 944 1934 orat.
972 1875 1084 1934 XXXV
1111 1877 1320 1951 apposuimus.
1362 1876 1411 1932 Ad
1434 1893 1501 1948 rem,

395 1978 513 2036 facilius
531 1979 757 2054 explicandum,
779 1978 981 2054 syngrapham
1000 1987 1075 2037 orat.
1108 1977 1221 2038 XXXV
1242 1979 1339 2036 littera
1362 1995 1395 2047 a,
1417 1994 1497 2052 quae

397 2083 437 2139 ad
452 2081 653 2158 syngrapham
663 2081 822 2155 pertinent
834 2099 870 2138 ex
882 2082 1023 2138 oratione
1033 2083 1098 2156 ipsa
1110 2082 1203 2155 petita
1215 2081 1312 2138 littera
1322 2081 1351 2148 b,
1374 2080 1499 2136 eadem-

393 2201 453 2260 que
464 2183 578 2242 eodem
590 2183 686 2240 modo
708 2183 740 2241 in
753 2184 894 2240 oratione
907 2182 975 2239 LVl
998 2183 1102 2242 litteris
1125 2202 1144 2239 α
1163 2191 1192 2239 et
1214 2181 1231 2259 β
1253 2182 1496 2256 significavimus,

392 2287 455 2344 lam
471 2287 701 2361 comparatione
715 2285 801 2356 lacta,
824 2285 853 2342 in
869 2285 1012 2342 columna
1029 2283 1055 2362 β,
1079 2286 1128 2342 cui
1142 2286 1246 2360 utiquo
1263 2285 1340 2342 fides
1353 2283 1498 2364 habenda

392 2397 451 2457 est,
480 2389 584 2445 insunt
612 2405 692 2463 quae
720 2388 832 2445 eadem
853 2389 973 2444 ratione
993 2395 1168 2463 comparata
1187 2389 1279 2444 etiam
1300 2389 1332 2443 in
1354 2386 1498 2446 columna

391 2509 409 2547 a
426 2491 626 2563 reperiuntur,
649 2507 712 2546 non
729 2491 921 2563 reperiuntur
937 2491 967 2545 in
990 2491 1135 2546 columna
1155 2490 1184 2558 b,
1207 2508 1243 2545 ex
1265 2466 1334 2562 qua,
1357 2487 1495 2544 simodo

391 2590 562 2666 syngrapha
581 2590 761 2664 lingebatur,
784 2589 907 2646 falsario
929 2590 1131 2645 delibandum
1155 2607 1222 2646 esse
1245 2590 1384 2647 vidimus

473 2693 573 2766 Atque
604 2691 661 2748 hos
690 2693 820 2748 maxime
849 2691 948 2760 locoS,
985 2710 1022 2747 ex
1051 2691 1201 2748 columnis
1228 2709 1246 2748 a
1272 2699 1302 2747 et
1328 2687 1347 2766 β
1374 2693 1495 2765 petitos,

391 2795 471 2852 hanc
493 2794 533 2850 arl
556 2812 619 2850 rem
641 2793 836 2850 efficiendam
861 2794 938 2849 inter
960 2811 992 2849 se
1016 2810 1175 2868 opponere
1194 2793 1266 2850 mihi
1290 2793 1394 2850 liceat:

629 2928 647 2967 ἃ
1226 2908 1245 2988 ί

387 3017 402 3087 s
428 3029 490 3087 10s
513 3031 556 3087 sq·
966 3017 1039 3084 522·
1052 3007 1492 3089 (cfs31sn-Xxx1vss)

387 3109 547 3172 σωθέντων
568 3099 602 3170 δὲ
621 3113 683 3169 τῶν
703 3101 867 3190 χρημάτων
966 3109 1111 3178 σωθείσης
1132 3112 1186 3178 τῆς
1207 3129 1306 3178 νσως.
1328 3153 1334 3165 .
1357 3153 1363 3165 .
1386 3111 1425 3178 εἰς

384 3203 534 3284 Ἀθὴναζὲ
964 3205 1015 3269 τὸν
1034 3208 1193 3289 Ιίειρσιισῖ.2

386 3407 439 3476 ἐὰν
386 3403 551 3476 tlt
516 3433 557 3494 ρη
578 3401 783 3472 ἀποδῶσιν..
966 3409 1033 3472 ἀλλ’
1058 3405 1110 3471 ἐὰν
1130 3404 1171 3491 μὴ
1194 3400 1431 3492 ἀποδιθῳς...

385 3516 499 3592 §,.126

385 3611 548 3698 ΚατάἌρ
549 3611 678 3695 τέμωνσς
699 3611 750 3672 καὶ

383 3707 641 3798 Ἀπολλοδωρου
628 3711 746 3782 εστωὴ

384 3811 486 3901 πρᾶξις
506 3826 568 3890 τοῖς
591 3809 741 3878 δανείσασι

384 3917 435 3979 καὶ
455 3918 489 3978 ἐκ
508 3922 569 3978 τῶν
589 3911 705 3978 τούτων
726 3912 762 3976 ἁ-

384 4012 513 4080 πάντων.

964 3520 1116 3681 {thltrr
1117 3603 1240 3786 ρξ’τξιν
1215 3632 1287 3671 ειναι
1307 3611 1359 3670 καὶ
1380 3604 1413 3684 ἐξ
1477 3687 1486 3702 ,

924 3709 1026 3786 ἑνὸς
1044 3713 1132 3773 nate
1134 3704 1285 3798 ξάμφσῒν.

386 3321 498 3388 §,.121
965 3313 1048 3386 §38-

936 3851 938 3889 ι

504 4158 581 4223 §,11
631 4171 640 4206 1

454 4241 517 4295 Ξεί.
392 4121 609 4296 ——ffiBeqi-
619 4169 722 4296 Alrescd
743 4260 768 4309 p.
794 4246 852 4308 2‚83
874 4257 943 4310 9.sq
964 4238 1063 4310 ναυτικὴ
1084 4235 1224 4314 συγγραφή,
1235 4240 1347 4296 ναυτικὶν
1364 4238 1489 4313 δάνεισμα,

384 4328 398 4381 ὂ
417 4331 521 4382 ποιεῖταί
540 4349 575 4390 τις
593 4329 631 4381 ἐπὶ
649 4325 766 4397 ὑποθήκῃ
786 4333 829 4396 τῆς
848 4350 916 4398 νεως,
935 4328 1012 4384 ἐάν
995 4351 1043 4400 apo
1061 4333 1167 4399 σωθείη.
