<?xml version="1.0" encoding="UTF-8"?>
<!DOCTYPE html PUBLIC "-//W3C//DTD XHTML 1.0 Transitional//EN"
    "http://www.w3.org/TR/xhtml1/DTD/xhtml1-transitional.dtd">
<html xmlns="http://www.w3.org/1999/xhtml" xml:lang="en" lang="en">
 <head>
  <title>
</title>
<meta http-equiv="Content-Type" content="text/html;charset=utf-8" />
  <meta name='ocr-system' content='tesseract 3.04.00' />
  <meta name='ocr-capabilities' content='ocr_page ocr_carea ocr_par ocr_line ocrx_word'/>
</head>
<body>
  <div class='ocr_page' id='page_1' title='image "./delitisinstrume00kircgoog_0046.png"; bbox 0 0 3532 5038; ppageno 0'>
   <div class='ocr_carea' id='block_1_1' title="bbox 820 407 856 475">
    <p class='ocr_par' dir='ltr' id='par_1_1' title="bbox 820 407 856 475">
     <span class='ocr_line' id='line_1_1' title="bbox 820 407 856 475; baseline 0.028 -1"><span class='ocrx_word' id='word_1_1' title='bbox 820 407 856 475; x_wconf 80' lang='lat'><strong>35</strong></span> 
     </span>
    </p>
   </div>
   <div class='ocr_carea' id='block_1_2' title="bbox 278 577 1394 3910">
    <p class='ocr_par' dir='ltr' id='par_1_2' title="bbox 285 577 1389 967">
     <span class='ocr_line' id='line_1_2' title="bbox 285 577 1388 664; baseline -0.005 -17"><span class='ocrx_word' id='word_1_2' title='bbox 285 583 387 664; x_wconf 85' lang='lat' dir='ltr'><strong>potius</strong></span> <span class='ocrx_word' id='word_1_3' title='bbox 420 579 559 662; x_wconf 87' lang='lat' dir='ltr'><strong>profecto</strong></span> <span class='ocrx_word' id='word_1_4' title='bbox 592 581 793 642; x_wconf 84' lang='lat' dir='ltr'><strong>iudicandum</strong></span> <span class='ocrx_word' id='word_1_5' title='bbox 826 585 883 640; x_wconf 86' lang='lat' dir='ltr'><strong>erit</strong></span> <span class='ocrx_word' id='word_1_6' title='bbox 916 590 1075 656; x_wconf 87' lang='lat' dir='ltr'><strong>utramque</strong></span> <span class='ocrx_word' id='word_1_7' title='bbox 1111 577 1279 656; x_wconf 83' lang='lat' dir='ltr'>genuinam</span> <span class='ocrx_word' id='word_1_8' title='bbox 1319 595 1388 641; x_wconf 84' lang='lat' dir='ltr'><strong>esse</strong></span> 
     </span>
     <span class='ocr_line' id='line_1_3' title="bbox 289 685 1389 766; baseline -0.005 -18"><span class='ocrx_word' id='word_1_9' title='bbox 289 709 381 766; x_wconf 89' lang='lat' dir='ltr'><strong>quam</strong></span> <span class='ocrx_word' id='word_1_10' title='bbox 405 699 563 762; x_wconf 88' lang='lat' dir='ltr'><strong>utramque</strong></span> <span class='ocrx_word' id='word_1_11' title='bbox 585 688 699 744; x_wconf 89' lang='lat' dir='ltr'><strong>fictam:</strong></span> <span class='ocrx_word' id='word_1_12' title='bbox 728 686 807 743; x_wconf 88' lang='lat' dir='ltr'><strong>Nam</strong></span> <span class='ocrx_word' id='word_1_13' title='bbox 822 686 954 743; x_wconf 86' lang='lat' dir='ltr'><strong>¹duobus</strong></span> <span class='ocrx_word' id='word_1_14' title='bbox 976 685 1051 741; x_wconf 90' lang='lat' dir='ltr'><strong>locis</strong></span> <span class='ocrx_word' id='word_1_15' title='bbox 1075 685 1201 742; x_wconf 89' lang='lat' dir='ltr'><strong>diversis</strong></span> <span class='ocrx_word' id='word_1_16' title='bbox 1223 687 1302 744; x_wconf 90' lang='lat' dir='ltr'><strong>duas</strong></span> <span class='ocrx_word' id='word_1_17' title='bbox 1329 685 1389 743; x_wconf 94' lang='lat' dir='ltr'><strong>for-</strong></span> 
     </span>
     <span class='ocr_line' id='line_1_4' title="bbox 286 786 1388 863; baseline -0.005 -13"><span class='ocrx_word' id='word_1_18' title='bbox 286 793 383 850; x_wconf 87' lang='lat' dir='ltr'><strong>mulas</strong></span> <span class='ocrx_word' id='word_1_19' title='bbox 411 799 471 847; x_wconf 86' lang='lat' dir='ltr'><strong>tam</strong></span> <span class='ocrx_word' id='word_1_20' title='bbox 502 789 615 846; x_wconf 83' lang='lat' dir='ltr'><strong>similes</strong></span> <span class='ocrx_word' id='word_1_21' title='bbox 641 797 672 844; x_wconf 91' lang='lat' dir='ltr'><strong>et</strong></span> <span class='ocrx_word' id='word_1_22' title='bbox 698 790 739 844; x_wconf 93' lang='lat' dir='ltr'><strong>ad</strong></span> <span class='ocrx_word' id='word_1_23' title='bbox 766 789 899 844; x_wconf 84' lang='lat' dir='ltr'><strong>eandem</strong></span> <span class='ocrx_word' id='word_1_24' title='bbox 928 786 989 842; x_wconf 87' lang='lat' dir='ltr'><strong>lere</strong></span> <span class='ocrx_word' id='word_1_25' title='bbox 1017 804 1079 842; x_wconf 87' lang='lat' dir='ltr'><strong>rem</strong></span> <span class='ocrx_word' id='word_1_26' title='bbox 1103 787 1290 860; x_wconf 81' lang='lat' dir='ltr'><strong>pertinentes</strong></span> <span class='ocrx_word' id='word_1_27' title='bbox 1316 789 1388 863; x_wconf 85' lang='lat' dir='ltr'><strong>fingi</strong></span> 
     </span>
     <span class='ocr_line' id='line_1_5' title="bbox 286 889 1012 967; baseline -0.008 -17"><span class='ocrx_word' id='word_1_28' title='bbox 286 895 434 967; x_wconf 90' lang='lat' dir='ltr'><strong>potuisse,</strong></span> <span class='ocrx_word' id='word_1_29' title='bbox 456 908 548 948; x_wconf 91' lang='lat' dir='ltr'><strong>nemo</strong></span> <span class='ocrx_word' id='word_1_30' title='bbox 570 890 706 964; x_wconf 88' lang='lat' dir='ltr'><strong>prudens</strong></span> <span class='ocrx_word' id='word_1_31' title='bbox 727 890 785 945; x_wconf 92' lang='lat' dir='ltr'><strong>sibi</strong></span> <span class='ocrx_word' id='word_1_32' title='bbox 806 889 1012 964; x_wconf 86' lang='lat' dir='ltr'><strong>persuadebit.</strong></span> 
     </span>
    </p>

    <p class='ocr_par' dir='ltr' id='par_1_3' title="bbox 285 989 1390 1477">
     <span class='ocr_line' id='line_1_6' title="bbox 366 989 1389 1050; baseline -0.002 0"><span class='ocrx_word' id='word_1_33' title='bbox 366 993 490 1050; x_wconf 89' lang='lat' dir='ltr'><strong>Deinde</strong></span> <span class='ocrx_word' id='word_1_34' title='bbox 513 992 786 1048; x_wconf 89' lang='lat' dir='ltr'><strong>commemoranda</strong></span> <span class='ocrx_word' id='word_1_35' title='bbox 823 998 870 1046; x_wconf 92' lang='lat' dir='ltr'><strong>est</strong></span> <span class='ocrx_word' id='word_1_36' title='bbox 900 990 1106 1046; x_wconf 85' lang='lat' dir='ltr'><strong>accusationis</strong></span> <span class='ocrx_word' id='word_1_37' title='bbox 1135 989 1264 1047; x_wconf 88' lang='lat' dir='ltr'><strong>formula</strong></span> <span class='ocrx_word' id='word_1_38' title='bbox 1286 989 1389 1048; x_wconf 88' lang='lat' dir='ltr'><strong>Meleti</strong></span> 
     </span>
     <span class='ocr_line' id='line_1_7' title="bbox 289 1082 1390 1166; baseline -0.001 -14"><span class='ocrx_word' id='word_1_39' title='bbox 289 1097 435 1152; x_wconf 88' lang='lat' dir='ltr'><strong>adversus</strong></span> <span class='ocrx_word' id='word_1_40' title='bbox 459 1093 625 1160; x_wconf 86' lang='lat' dir='ltr'><strong>Socratem,</strong></span> <span class='ocrx_word' id='word_1_41' title='bbox 648 1093 731 1166; x_wconf 87' lang='lat' dir='ltr'><strong>apud</strong></span> <span class='ocrx_word' id='word_1_42' title='bbox 753 1091 908 1148; x_wconf 89' lang='lat' dir='ltr'><strong>Laertium</strong></span> <span class='ocrx_word' id='word_1_43' title='bbox 930 1090 1277 1165; x_wconf 79' lang='lat' dir='ltr'><strong>Diogenemlservata:</strong></span> <span class='ocrx_word' id='word_1_44' title='bbox 1304 1082 1390 1151; x_wconf 85' lang='grc' dir='ltr'>Τάδε</span> 
     </span>
     <span class='ocr_line' id='line_1_8' title="bbox 288 1182 1390 1278; baseline -0.003 -23"><span class='ocrx_word' id='word_1_45' title='bbox 288 1187 441 1278; x_wconf 77' lang='grc' dir='ltr'>ἐγράψατο</span> <span class='ocrx_word' id='word_1_46' title='bbox 462 1191 513 1252; x_wconf 86' lang='grc' dir='ltr'>καὶ</span> <span class='ocrx_word' id='word_1_47' title='bbox 534 1182 812 1273; x_wconf 69' lang='grc' dir='ltr'>ἀνθωμολογήσατο</span> <span class='ocrx_word' id='word_1_48' title='bbox 825 1187 955 1260; x_wconf 83' lang='grc' dir='ltr'>Μέλιτος</span> <span class='ocrx_word' id='word_1_49' title='bbox 971 1187 1104 1250; x_wconf 85' lang='grc' dir='ltr'>Μελίτου</span> <span class='ocrx_word' id='word_1_50' title='bbox 1118 1185 1254 1262; x_wconf 75' lang='grc' dir='ltr'>Πιτθεὺς</span> <span class='ocrx_word' id='word_1_51' title='bbox 1267 1186 1390 1274; x_wconf 86' lang='grc' dir='ltr'>Σωκρά-</span> 
     </span>
     <span class='ocr_line' id='line_1_9' title="bbox 285 1280 1390 1378; baseline -0.003 -21"><span class='ocrx_word' id='word_1_52' title='bbox 285 1317 332 1357; x_wconf 87' lang='grc' dir='ltr'>τει</span> <span class='ocrx_word' id='word_1_53' title='bbox 364 1292 565 1378; x_wconf 75' lang='grc' dir='ltr'>Σωφρονίσκου</span> <span class='ocrx_word' id='word_1_54' title='bbox 598 1291 818 1360; x_wconf 72' lang='grc' dir='ltr'>Ἀλωπεκῆθεν.</span> <span class='ocrx_word' id='word_1_55' title='bbox 868 1280 964 1352; x_wconf 82' lang='grc' dir='ltr'>ἀδικεῖ</span> <span class='ocrx_word' id='word_1_56' title='bbox 992 1283 1170 1370; x_wconf 73' lang='grc' dir='ltr'>Σωκράτης,</span> <span class='ocrx_word' id='word_1_57' title='bbox 1208 1292 1256 1364; x_wconf 76' lang='grc' dir='ltr'><strong>οὓς</strong></span> <span class='ocrx_word' id='word_1_58' title='bbox 1289 1291 1342 1376; x_wconf 88' lang='grc' dir='ltr'><strong>μὲν</strong></span> <span class='ocrx_word' id='word_1_59' title='bbox 1372 1290 1390 1354; x_wconf 67' lang='grc' dir='ltr'>ά</span> 
     </span>
     <span class='ocr_line' id='line_1_10' title="bbox 291 1385 1282 1477; baseline -0.006 -19"><span class='ocrx_word' id='word_1_60' title='bbox 291 1391 376 1468; x_wconf 82' lang='grc' dir='ltr'>πόλις</span> <span class='ocrx_word' id='word_1_61' title='bbox 397 1386 505 1477; x_wconf 73' lang='grc' dir='ltr'>νομίζει</span> <span class='ocrx_word' id='word_1_62' title='bbox 517 1389 614 1466; x_wconf 54' lang='grc' dir='ltr'>θεοὺς</span> <span class='ocrx_word' id='word_1_63' title='bbox 635 1391 668 1454; x_wconf 84' lang='grc' dir='ltr'><strong>οὐ</strong></span> <span class='ocrx_word' id='word_1_64' title='bbox 688 1385 811 1474; x_wconf 74' lang='grc' dir='ltr'>νομίζων</span> <span class='ocrx_word' id='word_1_65' title='bbox 833 1439 864 1452; x_wconf 92' lang='grc'><strong>..</strong></span> <span class='ocrx_word' id='word_1_66' title='bbox 888 1439 893 1451; x_wconf 97' lang='grc'>.</span> <span class='ocrx_word' id='word_1_67' title='bbox 917 1439 923 1451; x_wconf 94' lang='grc'><strong>.</strong></span> <span class='ocrx_word' id='word_1_68' title='bbox 947 1439 953 1451; x_wconf 92' lang='grc'>.</span> <span class='ocrx_word' id='word_1_69' title='bbox 976 1438 982 1450; x_wconf 94' lang='grc'><em>.</em></span> <span class='ocrx_word' id='word_1_70' title='bbox 1003 1391 1120 1475; x_wconf 83' lang='grc' dir='ltr'>τίμημα</span> <span class='ocrx_word' id='word_1_71' title='bbox 1139 1386 1282 1466; x_wconf 75' lang='grc' dir='ltr'>θάνατος.</span> 
     </span>
    </p>

    <p class='ocr_par' dir='ltr' id='par_1_4' title="bbox 288 1497 1391 1781">
     <span class='ocr_line' id='line_1_11' title="bbox 368 1497 1391 1575; baseline -0.001 -18"><span class='ocrx_word' id='word_1_72' title='bbox 368 1501 510 1575; x_wconf 87' lang='lat' dir='ltr'><strong>Denique</strong></span> <span class='ocrx_word' id='word_1_73' title='bbox 532 1501 673 1556; x_wconf 88' lang='lat' dir='ltr'><strong>iocosum</strong></span> <span class='ocrx_word' id='word_1_74' title='bbox 704 1499 779 1555; x_wconf 92' lang='lat' dir='ltr'><strong>illud</strong></span> <span class='ocrx_word' id='word_1_75' title='bbox 801 1497 968 1554; x_wconf 87' lang='lat' dir='ltr'><strong>accusandi</strong></span> <span class='ocrx_word' id='word_1_76' title='bbox 990 1498 1223 1554; x_wconf 85' lang='lat' dir='ltr'><strong>instrumentum</strong></span> <span class='ocrx_word' id='word_1_77' title='bbox 1244 1500 1275 1555; x_wconf 91' lang='lat' dir='ltr'><strong>in</strong></span> <span class='ocrx_word' id='word_1_78' title='bbox 1297 1516 1391 1556; x_wconf 88' lang='lat' dir='ltr'><strong>causa</strong></span> 
     </span>
     <span class='ocr_line' id='line_1_12' title="bbox 289 1597 1391 1674; baseline -0.004 -14"><span class='ocrx_word' id='word_1_79' title='bbox 289 1606 416 1660; x_wconf 90' lang='lat' dir='ltr'><strong>istorum</strong></span> <span class='ocrx_word' id='word_1_80' title='bbox 439 1619 550 1658; x_wconf 88' lang='lat' dir='ltr'><strong>cauum</strong></span> <span class='ocrx_word' id='word_1_81' title='bbox 575 1601 612 1657; x_wconf 89' lang='lat' dir='ltr'><strong>ab</strong></span> <span class='ocrx_word' id='word_1_82' title='bbox 637 1597 861 1673; x_wconf 78' lang='lat' dir='ltr'><strong>Aristophane2</strong></span> <span class='ocrx_word' id='word_1_83' title='bbox 878 1606 1081 1656; x_wconf 77' lang='lat' dir='ltr'><strong>memoratum</strong></span> <span class='ocrx_word' id='word_1_84' title='bbox 1102 1600 1133 1654; x_wconf 91' lang='lat' dir='ltr'><strong>in</strong></span> <span class='ocrx_word' id='word_1_85' title='bbox 1154 1600 1292 1656; x_wconf 91' lang='lat' dir='ltr'><strong>medium</strong></span> <span class='ocrx_word' id='word_1_86' title='bbox 1320 1618 1391 1674; x_wconf 93' lang='lat' dir='ltr'><strong>pro·</strong></span> 
     </span>
     <span class='ocr_line' id='line_1_13' title="bbox 288 1691 1170 1781; baseline -0.003 -21"><span class='ocrx_word' id='word_1_87' title='bbox 288 1704 363 1760; x_wconf 87' lang='lat' dir='ltr'><strong>ferre</strong></span> <span class='ocrx_word' id='word_1_88' title='bbox 386 1705 480 1760; x_wconf 91' lang='lat' dir='ltr'><strong>iuvat:</strong></span> <span class='ocrx_word' id='word_1_89' title='bbox 1017 1691 1170 1781; x_wconf 75' lang='grc' dir='ltr'>ἐγράψατο</span> 
     </span>
    </p>

    <p class='ocr_par' dir='ltr' id='par_1_5' title="bbox 528 1790 1150 1877">
     <span class='ocr_line' id='line_1_14' title="bbox 528 1790 1150 1877; baseline -0.003 -16"><span class='ocrx_word' id='word_1_90' title='bbox 528 1795 607 1862; x_wconf 83' lang='grc' dir='ltr'>κύων</span> <span class='ocrx_word' id='word_1_91' title='bbox 628 1790 856 1870; x_wconf 76' lang='grc' dir='ltr'>Κυδαθηναιεύς</span> <span class='ocrx_word' id='word_1_92' title='bbox 878 1791 991 1877; x_wconf 81' lang='grc' dir='ltr'>Λάβητ</span> <span class='ocrx_word' id='word_1_93' title='bbox 1008 1790 1150 1872; x_wconf 81' lang='grc' dir='ltr'>Ἀἰξωνέα</span> 
     </span>
    </p>

    <p class='ocr_par' dir='ltr' id='par_1_6' title="bbox 527 1891 1170 1984">
     <span class='ocr_line' id='line_1_15' title="bbox 527 1891 1170 1984; baseline -0.003 -22"><span class='ocrx_word' id='word_1_94' title='bbox 527 1897 579 1962; x_wconf 87' lang='grc' dir='ltr'><strong>τὸν</strong></span> <span class='ocrx_word' id='word_1_95' title='bbox 598 1896 683 1984; x_wconf 84' lang='grc' dir='ltr'>τυρὸν</span> <span class='ocrx_word' id='word_1_96' title='bbox 704 1891 813 1960; x_wconf 84' lang='grc' dir='ltr'>ἀδικεῖν</span> <span class='ocrx_word' id='word_1_97' title='bbox 833 1897 881 1961; x_wconf 84' lang='grc' dir='ltr'>ὅτι</span> <span class='ocrx_word' id='word_1_98' title='bbox 902 1894 985 1982; x_wconf 79' lang='grc' dir='ltr'>μόνος</span> <span class='ocrx_word' id='word_1_99' title='bbox 1005 1893 1170 1968; x_wconf 73' lang='grc' dir='ltr'>κατήσθιεν</span> 
     </span>
    </p>

    <p class='ocr_par' dir='ltr' id='par_1_7' title="bbox 287 1994 1392 2269">
     <span class='ocr_line' id='line_1_16' title="bbox 527 1994 1140 2084; baseline -0.003 -20"><span class='ocrx_word' id='word_1_100' title='bbox 527 1998 579 2064; x_wconf 86' lang='grc' dir='ltr'><strong>τὸν</strong></span> <span class='ocrx_word' id='word_1_101' title='bbox 597 1995 746 2063; x_wconf 84' lang='grc' dir='ltr'>σικελικὸν.</span> <span class='ocrx_word' id='word_1_102' title='bbox 767 2000 884 2084; x_wconf 87' lang='grc' dir='ltr'>τίμημα</span> <span class='ocrx_word' id='word_1_103' title='bbox 905 1996 1000 2080; x_wconf 81' lang='grc' dir='ltr'>κλῳὸς</span> <span class='ocrx_word' id='word_1_104' title='bbox 1021 1994 1140 2076; x_wconf 83' lang='grc' dir='ltr'>σύκινος,</span> 
     </span>
     <span class='ocr_line' id='line_1_17' title="bbox 288 2104 1392 2187; baseline -0.001 -20"><span class='ocrx_word' id='word_1_105' title='bbox 288 2129 350 2187; x_wconf 90' lang='lat' dir='ltr'><strong>quo</strong></span> <span class='ocrx_word' id='word_1_106' title='bbox 367 2117 492 2184; x_wconf 90' lang='lat' dir='ltr'><strong>poetam</strong></span> <span class='ocrx_word' id='word_1_107' title='bbox 512 2109 693 2166; x_wconf 88' lang='lat' dir='ltr'><strong>sollemnem</strong></span> <span class='ocrx_word' id='word_1_108' title='bbox 717 2104 848 2166; x_wconf 90' lang='lat' dir='ltr'><strong>actionis</strong></span> <span class='ocrx_word' id='word_1_109' title='bbox 861 2105 1021 2162; x_wconf 84' lang='lat' dir='ltr'><strong>formulam</strong></span> <span class='ocrx_word' id='word_1_110' title='bbox 1043 2108 1191 2164; x_wconf 86' lang='lat' dir='ltr'><strong>imitatum</strong></span> <span class='ocrx_word' id='word_1_111' title='bbox 1212 2127 1280 2166; x_wconf 89' lang='lat' dir='ltr'><strong>esse</strong></span> <span class='ocrx_word' id='word_1_112' title='bbox 1294 2111 1392 2166; x_wconf 91' lang='lat' dir='ltr'><strong>conii·</strong></span> 
     </span>
     <span class='ocr_line' id='line_1_18' title="bbox 287 2213 489 2269; baseline -0.005 0"><span class='ocrx_word' id='word_1_113' title='bbox 287 2231 355 2269; x_wconf 90' lang='lat' dir='ltr'><strong>cere</strong></span> <span class='ocrx_word' id='word_1_114' title='bbox 380 2213 489 2269; x_wconf 86' lang='lat' dir='ltr'><strong>licebit.</strong></span> 
     </span>
    </p>

    <p class='ocr_par' dir='ltr' id='par_1_8' title="bbox 278 2308 1394 3910">
     <span class='ocr_line' id='line_1_19' title="bbox 368 2308 1391 2385; baseline 0.001 -15"><span class='ocrx_word' id='word_1_115' title='bbox 368 2314 431 2370; x_wconf 86' lang='lat' dir='ltr'><strong>lam</strong></span> <span class='ocrx_word' id='word_1_116' title='bbox 460 2312 506 2370; x_wconf 94' lang='lat' dir='ltr'><strong>his</strong></span> <span class='ocrx_word' id='word_1_117' title='bbox 545 2313 639 2368; x_wconf 88' lang='lat' dir='ltr'><strong>tribus</strong></span> <span class='ocrx_word' id='word_1_118' title='bbox 677 2308 836 2367; x_wconf 81' lang='lat' dir='ltr'><strong>formulis³</strong></span> <span class='ocrx_word' id='word_1_119' title='bbox 875 2317 905 2366; x_wconf 91' lang='lat' dir='ltr'><strong>et</strong></span> <span class='ocrx_word' id='word_1_120' title='bbox 938 2311 1118 2385; x_wconf 87' lang='lat' dir='ltr'><strong>antigrapha</strong></span> <span class='ocrx_word' id='word_1_121' title='bbox 1150 2311 1391 2371; x_wconf 85' lang='lat' dir='ltr'><strong>Demosthenica</strong></span> 
     </span>
     <span class='ocr_line' id='line_1_20' title="bbox 290 2413 1391 2488; baseline 0.002 -17"><span class='ocrx_word' id='word_1_122' title='bbox 290 2417 368 2472; x_wconf 88' lang='lat' dir='ltr'><strong>inter</strong></span> <span class='ocrx_word' id='word_1_123' title='bbox 389 2434 422 2472; x_wconf 90' lang='lat' dir='ltr'><strong>se</strong></span> <span class='ocrx_word' id='word_1_124' title='bbox 444 2415 636 2488; x_wconf 89' lang='lat' dir='ltr'><strong>comparatis,</strong></span> <span class='ocrx_word' id='word_1_125' title='bbox 658 2415 737 2470; x_wconf 89' lang='lat' dir='ltr'><strong>inter</strong></span> <span class='ocrx_word' id='word_1_126' title='bbox 759 2431 868 2470; x_wconf 87' lang='lat' dir='ltr'><strong>omnes</strong></span> <span class='ocrx_word' id='word_1_127' title='bbox 887 2413 1019 2487; x_wconf 86' lang='lat' dir='ltr'><strong>aliquam</strong></span> <span class='ocrx_word' id='word_1_128' title='bbox 1041 2415 1231 2471; x_wconf 86' lang='lat' dir='ltr'><strong>intercedere</strong></span> <span class='ocrx_word' id='word_1_129' title='bbox 1251 2416 1391 2473; x_wconf 90' lang='lat' dir='ltr'><strong>videmus</strong></span> 
     </span>
     <span class='ocr_line' id='line_1_21' title="bbox 288 2515 1392 2588; baseline 0 -14"><span class='ocrx_word' id='word_1_130' title='bbox 288 2517 529 2586; x_wconf 88' lang='lat' dir='ltr'><strong>similitudinem,</strong></span> <span class='ocrx_word' id='word_1_131' title='bbox 551 2517 681 2574; x_wconf 87' lang='lat' dir='ltr'><strong>maxime</strong></span> <span class='ocrx_word' id='word_1_132' title='bbox 701 2524 802 2572; x_wconf 91' lang='lat' dir='ltr'><strong>autem</strong></span> <span class='ocrx_word' id='word_1_133' title='bbox 826 2517 866 2572; x_wconf 89' lang='lat' dir='ltr'><strong>ad</strong></span> <span class='ocrx_word' id='word_1_134' title='bbox 889 2533 984 2572; x_wconf 91' lang='lat' dir='ltr'><strong>unum</strong></span> <span class='ocrx_word' id='word_1_135' title='bbox 1007 2515 1144 2585; x_wconf 90' lang='lat' dir='ltr'><strong>schema,</strong></span> <span class='ocrx_word' id='word_1_136' title='bbox 1166 2524 1198 2572; x_wconf 91' lang='lat' dir='ltr'><strong>ut</strong></span> <span class='ocrx_word' id='word_1_137' title='bbox 1218 2518 1260 2573; x_wconf 90' lang='lat' dir='ltr'><strong>ita</strong></span> <span class='ocrx_word' id='word_1_138' title='bbox 1281 2518 1392 2588; x_wconf 89' lang='lat' dir='ltr'><strong>dicam,</strong></span> 
     </span>
     <span class='ocr_line' id='line_1_22' title="bbox 290 2617 1391 2678; baseline 0.002 -3"><span class='ocrx_word' id='word_1_139' title='bbox 290 2618 498 2676; x_wconf 83' lang='lat' dir='ltr'><strong>conformatas</strong></span> <span class='ocrx_word' id='word_1_140' title='bbox 529 2636 598 2676; x_wconf 88' lang='lat' dir='ltr'><strong>esse</strong></span> <span class='ocrx_word' id='word_1_141' title='bbox 634 2617 780 2674; x_wconf 87' lang='lat' dir='ltr'><strong>formulas</strong></span> <span class='ocrx_word' id='word_1_142' title='bbox 808 2617 1081 2674; x_wconf 85' lang='lat' dir='ltr'><strong>Demosthenicam</strong></span> <span class='ocrx_word' id='word_1_143' title='bbox 1116 2625 1147 2673; x_wconf 91' lang='lat' dir='ltr'><strong>et</strong></span> <span class='ocrx_word' id='word_1_144' title='bbox 1175 2617 1391 2678; x_wconf 87' lang='lat' dir='ltr'><strong>Dinarcheam.</strong></span> 
     </span>
     <span class='ocr_line' id='line_1_23' title="bbox 278 2720 1393 2802; baseline 0.001 -25"><span class='ocrx_word' id='word_1_145' title='bbox 278 2721 335 2802; x_wconf 70' lang='lat' dir='ltr'><strong>nc</strong></span> <span class='ocrx_word' id='word_1_146' title='bbox 358 2723 488 2794; x_wconf 88' lang='lat' dir='ltr'><strong>primum</strong></span> <span class='ocrx_word' id='word_1_147' title='bbox 510 2721 637 2796; x_wconf 90' lang='lat' dir='ltr'><strong>quidem</strong></span> <span class='ocrx_word' id='word_1_148' title='bbox 650 2728 779 2794; x_wconf 88' lang='lat' dir='ltr'><strong>utroque</strong></span> <span class='ocrx_word' id='word_1_149' title='bbox 801 2720 870 2776; x_wconf 87' lang='lat' dir='ltr'><strong>loco</strong></span> <span class='ocrx_word' id='word_1_150' title='bbox 886 2721 1057 2776; x_wconf 91' lang='lat' dir='ltr'><strong>invenimus</strong></span> <span class='ocrx_word' id='word_1_151' title='bbox 1070 2721 1290 2776; x_wconf 89' lang='lat' dir='ltr'><strong>nominativum</strong></span> <span class='ocrx_word' id='word_1_152' title='bbox 1303 2739 1393 2778; x_wconf 91' lang='lat' dir='ltr'><strong>accu-</strong></span> 
     </span>
     <span class='ocr_line' id='line_1_24' title="bbox 287 2821 1391 2896; baseline 0 -17"><span class='ocrx_word' id='word_1_153' title='bbox 287 2824 395 2880; x_wconf 92' lang='lat' dir='ltr'><strong>satoris</strong></span> <span class='ocrx_word' id='word_1_154' title='bbox 423 2823 526 2879; x_wconf 92' lang='lat' dir='ltr'><strong>dativo</strong></span> <span class='ocrx_word' id='word_1_155' title='bbox 556 2824 599 2878; x_wconf 88' lang='lat' dir='ltr'><strong>rei</strong></span> <span class='ocrx_word' id='word_1_156' title='bbox 629 2823 694 2878; x_wconf 88' lang='lat' dir='ltr'><strong>sine</strong></span> <span class='ocrx_word' id='word_1_157' title='bbox 717 2823 809 2877; x_wconf 84' lang='lat' dir='ltr'><strong>verbo</strong></span> <span class='ocrx_word' id='word_1_158' title='bbox 837 2823 975 2894; x_wconf 85' lang='lat' dir='ltr'><strong>iungenti</strong></span> <span class='ocrx_word' id='word_1_159' title='bbox 996 2822 1179 2896; x_wconf 89' lang='lat' dir='ltr'><strong>appositum.</strong></span> <span class='ocrx_word' id='word_1_160' title='bbox 1222 2821 1294 2892; x_wconf 91' lang='lat' dir='ltr'><strong>Quo</strong></span> <span class='ocrx_word' id='word_1_161' title='bbox 1320 2823 1391 2880; x_wconf 92' lang='lat' dir='ltr'><strong>loco</strong></span> 
     </span>
     <span class='ocr_line' id='line_1_25' title="bbox 287 2912 1391 3003; baseline 0.002 -25"><span class='ocrx_word' id='word_1_162' title='bbox 287 2942 379 2980; x_wconf 91' lang='lat' dir='ltr'><strong>voces</strong></span> <span class='ocrx_word' id='word_1_163' title='bbox 400 2912 481 2988; x_wconf 85' lang='grc' dir='ltr'>δίκην</span> <span class='ocrx_word' id='word_1_164' title='bbox 501 2913 666 3003; x_wconf 78' lang='grc' dir='ltr'>λαγχάνειν</span> <span class='ocrx_word' id='word_1_165' title='bbox 689 2923 877 2998; x_wconf 90' lang='lat' dir='ltr'><strong>supplendas</strong></span> <span class='ocrx_word' id='word_1_166' title='bbox 906 2941 974 2979; x_wconf 86' lang='lat' dir='ltr'><strong>esse</strong></span> <span class='ocrx_word' id='word_1_167' title='bbox 996 2924 1028 2980; x_wconf 90' lang='lat' dir='ltr'><strong>in</strong></span> <span class='ocrx_word' id='word_1_168' title='bbox 1050 2931 1155 2996; x_wconf 88' lang='lat' dir='ltr'><strong>aperto</strong></span> <span class='ocrx_word' id='word_1_169' title='bbox 1186 2943 1253 2981; x_wconf 87' lang='lat' dir='ltr'><strong>esse</strong></span> <span class='ocrx_word' id='word_1_170' title='bbox 1275 2925 1391 2996; x_wconf 82' lang='lat' dir='ltr'><strong>iudico,</strong></span> 
     </span>
     <span class='ocr_line' id='line_1_26' title="bbox 288 3012 1392 3100; baseline 0 -19"><span class='ocrx_word' id='word_1_171' title='bbox 288 3044 365 3100; x_wconf 89' lang='lat' dir='ltr'><strong>quas</strong></span> <span class='ocrx_word' id='word_1_172' title='bbox 388 3027 479 3082; x_wconf 89' lang='lat' dir='ltr'><strong>etiam</strong></span> <span class='ocrx_word' id='word_1_173' title='bbox 500 3027 532 3082; x_wconf 94' lang='lat' dir='ltr'><strong>in</strong></span> <span class='ocrx_word' id='word_1_174' title='bbox 548 3024 693 3082; x_wconf 89' lang='lat' dir='ltr'><strong>Dinarchi</strong></span> <span class='ocrx_word' id='word_1_175' title='bbox 715 3025 806 3082; x_wconf 89' lang='lat' dir='ltr'><strong>verba</strong></span> <span class='ocrx_word' id='word_1_176' title='bbox 826 3014 988 3081; x_wconf 73' lang='grc' dir='ltr'>ταλάντοιν</span> <span class='ocrx_word' id='word_1_177' title='bbox 1007 3012 1058 3082; x_wconf 86' lang='grc' dir='ltr'><strong>δύο</strong></span> <span class='ocrx_word' id='word_1_178' title='bbox 1070 3026 1221 3099; x_wconf 90' lang='lat' dir='ltr'><strong>quadrare</strong></span> <span class='ocrx_word' id='word_1_179' title='bbox 1236 3026 1392 3095; x_wconf 89' lang='lat' dir='ltr'><strong>videmus;</strong></span> 
     </span>
     <span class='ocr_line' id='line_1_27' title="bbox 288 3113 1391 3207; baseline 0.001 -25"><span class='ocrx_word' id='word_1_180' title='bbox 288 3144 359 3183; x_wconf 89' lang='lat' dir='ltr'><strong>nam</strong></span> <span class='ocrx_word' id='word_1_181' title='bbox 381 3113 463 3191; x_wconf 82' lang='grc' dir='ltr'>δίκην</span> <span class='ocrx_word' id='word_1_182' title='bbox 488 3117 652 3207; x_wconf 81' lang='grc' dir='ltr'>λαγχάνειν</span> <span class='ocrx_word' id='word_1_183' title='bbox 678 3145 742 3183; x_wconf 92' lang='lat' dir='ltr'><strong>non</strong></span> <span class='ocrx_word' id='word_1_184' title='bbox 770 3127 869 3184; x_wconf 91' lang='lat' dir='ltr'><strong>solum</strong></span> <span class='ocrx_word' id='word_1_185' title='bbox 899 3128 1041 3201; x_wconf 84' lang='lat' dir='ltr'><strong>genetivo</strong></span> <span class='ocrx_word' id='word_1_186' title='bbox 1064 3129 1196 3184; x_wconf 91' lang='lat' dir='ltr'><strong>criminis</strong></span> <span class='ocrx_word' id='word_1_187' title='bbox 1217 3128 1274 3184; x_wconf 91' lang='lat' dir='ltr'><strong>sed</strong></span> <span class='ocrx_word' id='word_1_188' title='bbox 1301 3129 1391 3183; x_wconf 91' lang='lat' dir='ltr'><strong>etiam</strong></span> 
     </span>
     <span class='ocr_line' id='line_1_28' title="bbox 288 3227 1391 3304; baseline 0.002 -19"><span class='ocrx_word' id='word_1_189' title='bbox 288 3231 431 3302; x_wconf 79' lang='lat' dir='ltr'><strong>genetivo</strong></span> <span class='ocrx_word' id='word_1_190' title='bbox 453 3230 566 3286; x_wconf 87' lang='lat' dir='ltr'><strong>multae</strong></span> <span class='ocrx_word' id='word_1_191' title='bbox 589 3230 742 3303; x_wconf 85' lang='lat' dir='ltr'><strong>subiungi,</strong></span> <span class='ocrx_word' id='word_1_192' title='bbox 765 3230 850 3286; x_wconf 91' lang='lat' dir='ltr'><strong>locus</strong></span> <span class='ocrx_word' id='word_1_193' title='bbox 863 3228 1123 3287; x_wconf 86' lang='lat' dir='ltr'><strong>Demosthenicus</strong></span> <span class='ocrx_word' id='word_1_194' title='bbox 1143 3231 1174 3286; x_wconf 92' lang='lat' dir='ltr'><strong>in</strong></span> <span class='ocrx_word' id='word_1_195' title='bbox 1188 3238 1261 3288; x_wconf 88' lang='lat' dir='ltr'><strong>orat.</strong></span> <span class='ocrx_word' id='word_1_196' title='bbox 1275 3227 1391 3304; x_wconf 80' lang='lat' dir='ltr'><strong>LlX,98</strong></span> 
     </span>
     <span class='ocr_line' id='line_1_29' title="bbox 288 3319 1394 3411; baseline 0.001 -26"><span class='ocrx_word' id='word_1_197' title='bbox 288 3332 390 3397; x_wconf 88' lang='lat' dir='ltr'><strong>docet,</strong></span> <span class='ocrx_word' id='word_1_198' title='bbox 414 3331 465 3386; x_wconf 92' lang='lat' dir='ltr'><strong>ubi</strong></span> <span class='ocrx_word' id='word_1_199' title='bbox 482 3331 625 3403; x_wconf 88' lang='lat' dir='ltr'><strong>legimus:</strong></span> <span class='ocrx_word' id='word_1_200' title='bbox 647 3321 833 3410; x_wconf 82' lang='grc' dir='ltr'>λαγχάνουσι</span> <span class='ocrx_word' id='word_1_201' title='bbox 857 3319 938 3397; x_wconf 85' lang='grc' dir='ltr'>δίκην</span> <span class='ocrx_word' id='word_1_202' title='bbox 956 3337 1018 3400; x_wconf 87' lang='grc' dir='ltr'>τοῖς</span> <span class='ocrx_word' id='word_1_203' title='bbox 1030 3319 1272 3408; x_wconf 84' lang='grc' dir='ltr'>Λακεδαιμονίοις</span> <span class='ocrx_word' id='word_1_204' title='bbox 1289 3326 1394 3411; x_wconf 88' lang='grc' dir='ltr'>χιλίων</span> 
     </span>
     <span class='ocr_line' id='line_1_30' title="bbox 287 3418 1393 3509; baseline 0.004 -26"><span class='ocrx_word' id='word_1_205' title='bbox 287 3418 449 3484; x_wconf 83' lang='grc' dir='ltr'>ταλάντων</span> <span class='ocrx_word' id='word_1_206' title='bbox 469 3423 540 3504; x_wconf 82' lang='grc' dir='ltr'>ὑπὲρ</span> <span class='ocrx_word' id='word_1_207' title='bbox 557 3431 618 3486; x_wconf 81' lang='grc' dir='ltr'><strong>τῶν</strong></span> <span class='ocrx_word' id='word_1_208' title='bbox 638 3421 812 3509; x_wconf 87' lang='grc' dir='ltr'>συμμάχων,</span> <span class='ocrx_word' id='word_1_209' title='bbox 856 3430 999 3488; x_wconf 89' lang='lat' dir='ltr'><strong>Ceterum</strong></span> <span class='ocrx_word' id='word_1_210' title='bbox 1013 3451 1124 3490; x_wconf 89' lang='lat' dir='ltr'><strong>census</strong></span> <span class='ocrx_word' id='word_1_211' title='bbox 1136 3435 1328 3490; x_wconf 90' lang='lat' dir='ltr'><strong>notationem</strong></span> <span class='ocrx_word' id='word_1_212' title='bbox 1339 3450 1393 3506; x_wconf 90' lang='lat' dir='ltr'><strong>per</strong></span> 
     </span>
     <span class='ocr_line' id='line_1_31' title="bbox 288 3530 1392 3609; baseline 0.005 -25"><span class='ocrx_word' id='word_1_213' title='bbox 288 3530 417 3603; x_wconf 87' lang='lat' dir='ltr'><strong>seponi</strong></span> <span class='ocrx_word' id='word_1_214' title='bbox 440 3530 617 3588; x_wconf 88' lang='lat' dir='ltr'><strong>sollemnius</strong></span> <span class='ocrx_word' id='word_1_215' title='bbox 644 3531 736 3588; x_wconf 87' lang='lat' dir='ltr'><strong>fuisse</strong></span> <span class='ocrx_word' id='word_1_216' title='bbox 766 3553 802 3588; x_wconf 86' lang='lat' dir='ltr'><strong>ex</strong></span> <span class='ocrx_word' id='word_1_217' title='bbox 826 3532 923 3602; x_wconf 87' lang='lat' dir='ltr'><strong>Dem,</strong></span> <span class='ocrx_word' id='word_1_218' title='bbox 946 3533 1045 3595; x_wconf 86' lang='lat' dir='ltr'><strong>Laert.</strong></span> <span class='ocrx_word' id='word_1_219' title='bbox 1067 3534 1115 3603; x_wconf 93' lang='lat' dir='ltr'><strong>D.,</strong></span> <span class='ocrx_word' id='word_1_220' title='bbox 1138 3534 1289 3609; x_wconf 89' lang='lat' dir='ltr'><strong>Aristoph.</strong></span> <span class='ocrx_word' id='word_1_221' title='bbox 1316 3534 1392 3590; x_wconf 90' lang='lat' dir='ltr'><strong>locis</strong></span> 
     </span>
     <span class='ocr_line' id='line_1_32' title="bbox 288 3632 1393 3709; baseline 0.006 -26"><span class='ocrx_word' id='word_1_222' title='bbox 288 3646 379 3702; x_wconf 90' lang='lat' dir='ltr'><strong>supra</strong></span> <span class='ocrx_word' id='word_1_223' title='bbox 404 3632 580 3687; x_wconf 89' lang='lat' dir='ltr'><strong>memoratis</strong></span> <span class='ocrx_word' id='word_1_224' title='bbox 608 3639 700 3704; x_wconf 91' lang='lat' dir='ltr'><strong>patet.</strong></span> <span class='ocrx_word' id='word_1_225' title='bbox 747 3633 841 3690; x_wconf 92' lang='lat' dir='ltr'><strong>Porro</strong></span> <span class='ocrx_word' id='word_1_226' title='bbox 870 3636 953 3709; x_wconf 93' lang='lat' dir='ltr'><strong>apud</strong></span> <span class='ocrx_word' id='word_1_227' title='bbox 982 3633 1225 3692; x_wconf 87' lang='lat' dir='ltr'><strong>Demosthenem</strong></span> <span class='ocrx_word' id='word_1_228' title='bbox 1253 3643 1282 3692; x_wconf 87' lang='lat' dir='ltr'><strong>et</strong></span> <span class='ocrx_word' id='word_1_229' title='bbox 1308 3635 1393 3709; x_wconf 91' lang='lat' dir='ltr'><strong>apud</strong></span> 
     </span>
     <span class='ocr_line' id='line_1_33' title="bbox 288 3728 1393 3805; baseline 0.007 -21"><span class='ocrx_word' id='word_1_230' title='bbox 288 3728 476 3788; x_wconf 89' lang='lat' dir='ltr'><strong>Dinarchum</strong></span> <span class='ocrx_word' id='word_1_231' title='bbox 498 3734 695 3805; x_wconf 85' lang='lat' dir='ltr'><strong>grammatica</strong></span> <span class='ocrx_word' id='word_1_232' title='bbox 721 3736 795 3790; x_wconf 89' lang='lat' dir='ltr'><strong>ratio</strong></span> <span class='ocrx_word' id='word_1_233' title='bbox 819 3737 851 3791; x_wconf 94' lang='lat' dir='ltr'><strong>in</strong></span> <span class='ocrx_word' id='word_1_234' title='bbox 880 3738 1047 3793; x_wconf 85' lang='lat' dir='ltr'><strong>accusandi</strong></span> <span class='ocrx_word' id='word_1_235' title='bbox 1075 3737 1204 3794; x_wconf 88' lang='lat' dir='ltr'><strong>vocibus</strong></span> <span class='ocrx_word' id='word_1_236' title='bbox 1230 3738 1340 3792; x_wconf 88' lang='lat' dir='ltr'><strong>mirum</strong></span> <span class='ocrx_word' id='word_1_237' title='bbox 1362 3737 1393 3792; x_wconf 94' lang='lat' dir='ltr'><strong>in</strong></span> 
     </span>
     <span class='ocr_line' id='line_1_34' title="bbox 289 3834 1392 3910; baseline 0.005 -22"><span class='ocrx_word' id='word_1_238' title='bbox 289 3834 418 3890; x_wconf 89' lang='lat' dir='ltr'><strong>modum</strong></span> <span class='ocrx_word' id='word_1_239' title='bbox 456 3835 534 3890; x_wconf 87' lang='lat' dir='ltr'><strong>inter</strong></span> <span class='ocrx_word' id='word_1_240' title='bbox 563 3853 596 3892; x_wconf 91' lang='lat' dir='ltr'><strong>se</strong></span> <span class='ocrx_word' id='word_1_241' title='bbox 632 3838 801 3910; x_wconf 88' lang='lat' dir='ltr'><strong>conspirat:</strong></span> <span class='ocrx_word' id='word_1_242' title='bbox 835 3835 976 3895; x_wconf 90' lang='lat' dir='ltr'><strong>Criminis</strong></span> <span class='ocrx_word' id='word_1_243' title='bbox 1011 3839 1093 3895; x_wconf 88' lang='lat' dir='ltr'><strong>enim</strong></span> <span class='ocrx_word' id='word_1_244' title='bbox 1126 3840 1252 3895; x_wconf 87' lang='lat' dir='ltr'><strong>nomine</strong></span> <span class='ocrx_word' id='word_1_245' title='bbox 1284 3846 1392 3894; x_wconf 91' lang='lat' dir='ltr'><strong>notato</strong></span> 
     </span>
    </p>
   </div>
   <div class='ocr_carea' id='block_1_3' title="bbox 285 4013 1394 4434">
    <p class='ocr_par' dir='ltr' id='par_1_9' title="bbox 285 4013 470 4081">
     <span class='ocr_line' id='line_1_35' title="bbox 285 4013 470 4081; baseline 0.011 -17"><span class='ocrx_word' id='word_1_246' title='bbox 285 4060 290 4079; x_wconf 76' lang='lat'><strong>,</strong></span> <span class='ocrx_word' id='word_1_247' title='bbox 360 4013 470 4081; x_wconf 88' lang='lat'><strong>111,19.</strong></span> 
     </span>
    </p>

    <p class='ocr_par' dir='ltr' id='par_1_10' title="bbox 357 4100 597 4170">
     <span class='ocr_line' id='line_1_36' title="bbox 357 4100 597 4170; baseline 0.017 -18"><span class='ocrx_word' id='word_1_248' title='bbox 357 4100 471 4170; x_wconf 78' lang='lat' dir='ltr'><strong>2Vesp.</strong></span> <span class='ocrx_word' id='word_1_249' title='bbox 491 4122 516 4155; x_wconf 92' lang='lat' dir='ltr'><strong>v.</strong></span> <span class='ocrx_word' id='word_1_250' title='bbox 538 4107 597 4169; x_wconf 87' lang='lat'><strong>894.</strong></span> 
     </span>
    </p>

    <p class='ocr_par' dir='ltr' id='par_1_11' title="bbox 291 4188 1394 4434">
     <span class='ocr_line' id='line_1_37' title="bbox 359 4188 1394 4262; baseline 0.007 -22"><span class='ocrx_word' id='word_1_251' title='bbox 359 4188 584 4243; x_wconf 80' lang='lat' dir='ltr'><strong>3Accusationis</strong></span> <span class='ocrx_word' id='word_1_252' title='bbox 603 4195 819 4255; x_wconf 82' lang='lat' dir='ltr'><strong>instrumentum,</strong></span> <span class='ocrx_word' id='word_1_253' title='bbox 846 4213 913 4262; x_wconf 85' lang='lat' dir='ltr'><strong>qnae</strong></span> <span class='ocrx_word' id='word_1_254' title='bbox 934 4197 961 4246; x_wconf 87' lang='lat' dir='ltr'><strong>in</strong></span> <span class='ocrx_word' id='word_1_255' title='bbox 980 4197 1056 4246; x_wconf 87' lang='lat' dir='ltr'><strong>Deru.</strong></span> <span class='ocrx_word' id='word_1_256' title='bbox 1078 4212 1117 4246; x_wconf 90' lang='lat' dir='ltr'><strong>or.</strong></span> <span class='ocrx_word' id='word_1_257' title='bbox 1145 4197 1178 4245; x_wconf 87' lang='lat' dir='ltr'><strong>de</strong></span> <span class='ocrx_word' id='word_1_258' title='bbox 1205 4196 1340 4262; x_wconf 73' lang='lat' dir='ltr'><strong>corona§</strong></span> <span class='ocrx_word' id='word_1_259' title='bbox 1363 4209 1394 4260; x_wconf 85' lang='lat'><strong>54</strong></span> 
     </span>
     <span class='ocr_line' id='line_1_38' title="bbox 291 4280 1392 4349; baseline 0.006 -22"><span class='ocrx_word' id='word_1_260' title='bbox 291 4286 376 4328; x_wconf 83' lang='lat' dir='ltr'><strong>exstat</strong></span> <span class='ocrx_word' id='word_1_261' title='bbox 397 4280 491 4344; x_wconf 90' lang='lat' dir='ltr'><strong>cuique</strong></span> <span class='ocrx_word' id='word_1_262' title='bbox 512 4281 710 4332; x_wconf 84' lang='lat' dir='ltr'><strong>Schoemaunus</strong></span> <span class='ocrx_word' id='word_1_263' title='bbox 725 4281 794 4348; x_wconf 83' lang='lat' dir='ltr'><strong>(All.</strong></span> <span class='ocrx_word' id='word_1_264' title='bbox 816 4285 861 4333; x_wconf 87' lang='lat' dir='ltr'><strong>Pr.</strong></span> <span class='ocrx_word' id='word_1_265' title='bbox 882 4300 907 4348; x_wconf 94' lang='lat' dir='ltr'><strong>p.</strong></span> <span class='ocrx_word' id='word_1_266' title='bbox 930 4281 992 4349; x_wconf 70' lang='lat'>606)</span> <span class='ocrx_word' id='word_1_267' title='bbox 1016 4291 1116 4333; x_wconf 81' lang='lat' dir='ltr'><strong>tanturn</strong></span> <span class='ocrx_word' id='word_1_268' title='bbox 1139 4285 1266 4348; x_wconf 87' lang='lat' dir='ltr'><strong>ponderis</strong></span> <span class='ocrx_word' id='word_1_269' title='bbox 1290 4285 1392 4344; x_wconf 88' lang='lat' dir='ltr'><strong>tribuit,</strong></span> 
     </span>
     <span class='ocr_line' id='line_1_39' title="bbox 293 4364 925 4434; baseline 0.013 -21"><span class='ocrx_word' id='word_1_270' title='bbox 293 4364 422 4415; x_wconf 85' lang='lat' dir='ltr'><strong>ficticium</strong></span> <span class='ocrx_word' id='word_1_271' title='bbox 443 4383 502 4417; x_wconf 88' lang='lat' dir='ltr'><strong>esse</strong></span> <span class='ocrx_word' id='word_1_272' title='bbox 521 4385 600 4434; x_wconf 88' lang='lat' dir='ltr'><strong>supra</strong></span> <span class='ocrx_word' id='word_1_273' title='bbox 619 4371 654 4434; x_wconf 87' lang='lat' dir='ltr'><strong>(p.</strong></span> <span class='ocrx_word' id='word_1_274' title='bbox 675 4373 698 4431; x_wconf 79' lang='lat' dir='ltr'><strong>tl</strong></span> <span class='ocrx_word' id='word_1_275' title='bbox 717 4373 925 4421; x_wconf 81' lang='lat' dir='ltr'><strong>commemoravi.</strong></span> 
     </span>
    </p>
   </div>
   <div class='ocr_carea' id='block_1_4' title="bbox 1225 4463 1243 4515">
    <p class='ocr_par' dir='ltr' id='par_1_12' title="bbox 1225 4463 1243 4515">
     <span class='ocr_line' id='line_1_40' title="bbox 1225 4463 1243 4515; baseline 0 0"><span class='ocrx_word' id='word_1_276' title='bbox 1225 4463 1243 4515; x_wconf 82' lang='lat'><strong>3</strong></span> 
     </span>
    </p>
   </div>
   <div class='ocr_carea' id='block_1_5' title="bbox 0 0 1775 5038">
    <p class='ocr_par' dir='ltr' id='par_1_13' title="bbox 0 0 1775 5038">
     <span class='ocr_line' id='line_1_41' title="bbox 0 0 1775 5038; baseline 0 0"><span class='ocrx_word' id='word_1_277' title='bbox 0 0 1775 5038; x_wconf 95' lang='lat' dir='ltr'><strong> </strong></span> 
     </span>
    </p>
   </div>
  </div>
 </body>
</html>
