<?xml version="1.0" encoding="UTF-8"?>
<!DOCTYPE html PUBLIC "-//W3C//DTD XHTML 1.0 Transitional//EN"
    "http://www.w3.org/TR/xhtml1/DTD/xhtml1-transitional.dtd">
<html xmlns="http://www.w3.org/1999/xhtml" xml:lang="en" lang="en">
 <head>
  <title>
</title>
<meta http-equiv="Content-Type" content="text/html;charset=utf-8" />
  <meta name='ocr-system' content='tesseract 3.04.00' />
  <meta name='ocr-capabilities' content='ocr_page ocr_carea ocr_par ocr_line ocrx_word'/>
</head>
<body>
  <div class='ocr_page' id='page_1' title='image "./delitisinstrume00kircgoog_0042.png"; bbox 0 0 3532 5038; ppageno 0'>
   <div class='ocr_carea' id='block_1_1' title="bbox 796 358 830 418">
    <p class='ocr_par' dir='ltr' id='par_1_1' title="bbox 796 358 830 418">
     <span class='ocr_line' id='line_1_1' title="bbox 796 358 830 418; baseline 0 -17"><span class='ocrx_word' id='word_1_1' title='bbox 796 358 830 418; x_wconf 78' lang='lat'>31</span> 
     </span>
    </p>
   </div>
   <div class='ocr_carea' id='block_1_2' title="bbox 265 523 1445 1727">
    <p class='ocr_par' dir='ltr' id='par_1_2' title="bbox 265 523 1369 704">
     <span class='ocr_line' id='line_1_2' title="bbox 268 523 1369 599; baseline -0.006 -13"><span class='ocrx_word' id='word_1_2' title='bbox 268 537 329 599; x_wconf 79' lang='lat' dir='ltr'>est3</span> <span class='ocrx_word' id='word_1_3' title='bbox 357 546 430 585; x_wconf 86' lang='lat' dir='ltr'>nam</span> <span class='ocrx_word' id='word_1_4' title='bbox 458 526 551 584; x_wconf 91' lang='lat' dir='ltr'>Dinia</span> <span class='ocrx_word' id='word_1_5' title='bbox 576 534 607 582; x_wconf 86' lang='lat' dir='ltr'>et</span> <span class='ocrx_word' id='word_1_6' title='bbox 633 523 789 598; x_wconf 90' lang='lat' dir='ltr'>Stephano</span> <span class='ocrx_word' id='word_1_7' title='bbox 816 525 895 582; x_wconf 89' lang='lat' dir='ltr'>inter</span> <span class='ocrx_word' id='word_1_8' title='bbox 917 541 950 580; x_wconf 92' lang='lat' dir='ltr'>se</span> <span class='ocrx_word' id='word_1_9' title='bbox 973 523 1131 597; x_wconf 68' lang='lat' dir='ltr'>oppositis</span> <span class='ocrx_word' id='word_1_10' title='bbox 1152 531 1266 597; x_wconf 88' lang='lat' dir='ltr'>quanta</span> <span class='ocrx_word' id='word_1_11' title='bbox 1288 530 1369 581; x_wconf 87' lang='lat' dir='ltr'>esset</span> 
     </span>
     <span class='ocr_line' id='line_1_3' title="bbox 265 625 1135 704; baseline -0.007 -16"><span class='ocrx_word' id='word_1_12' title='bbox 265 634 322 688; x_wconf 91' lang='lat' dir='ltr'>iste</span> <span class='ocrx_word' id='word_1_13' title='bbox 343 631 489 704; x_wconf 83' lang='lat' dir='ltr'><strong>pravitate</strong></span> <span class='ocrx_word' id='word_1_14' title='bbox 512 635 542 685; x_wconf 92' lang='lat' dir='ltr'>et</span> <span class='ocrx_word' id='word_1_15' title='bbox 561 628 699 703; x_wconf 86' lang='lat' dir='ltr'>nequitia</span> <span class='ocrx_word' id='word_1_16' title='bbox 720 626 884 683; x_wconf 85' lang='lat' dir='ltr'><strong>clarissime</strong></span> <span class='ocrx_word' id='word_1_17' title='bbox 907 625 1135 699; x_wconf 83' lang='lat' dir='ltr'>explanabatur.</span> 
     </span>
    </p>

    <p class='ocr_par' dir='ltr' id='par_1_3' title="bbox 265 727 1369 997">
     <span class='ocr_line' id='line_1_4' title="bbox 343 727 1368 803; baseline -0.004 -15"><span class='ocrx_word' id='word_1_18' title='bbox 343 731 451 788; x_wconf 83' lang='lat' dir='ltr'>Habes</span> <span class='ocrx_word' id='word_1_19' title='bbox 494 748 593 788; x_wconf 90' lang='lat' dir='ltr'>meam</span> <span class='ocrx_word' id='word_1_20' title='bbox 631 729 688 786; x_wconf 93' lang='lat' dir='ltr'>hac</span> <span class='ocrx_word' id='word_1_21' title='bbox 725 729 765 784; x_wconf 90' lang='lat' dir='ltr'>de</span> <span class='ocrx_word' id='word_1_22' title='bbox 806 745 837 784; x_wconf 88' lang='lat' dir='ltr'>re</span> <span class='ocrx_word' id='word_1_23' title='bbox 875 727 1073 794; x_wconf 84' lang='lat' dir='ltr'>sententiam,</span> <span class='ocrx_word' id='word_1_24' title='bbox 1109 745 1188 803; x_wconf 91' lang='lat' dir='ltr'>quae</span> <span class='ocrx_word' id='word_1_25' title='bbox 1230 729 1254 784; x_wconf 89' lang='lat' dir='ltr'>si</span> <span class='ocrx_word' id='word_1_26' title='bbox 1293 727 1368 802; x_wconf 93' lang='lat' dir='ltr'>quid</span> 
     </span>
     <span class='ocr_line' id='line_1_5' title="bbox 265 817 1369 911; baseline -0.003 -22"><span class='ocrx_word' id='word_1_27' title='bbox 265 835 373 902; x_wconf 91' lang='lat' dir='ltr'>vide0‚</span> <span class='ocrx_word' id='word_1_28' title='bbox 408 851 426 889; x_wconf 92' lang='lat' dir='ltr'>a</span> <span class='ocrx_word' id='word_1_29' title='bbox 457 850 557 890; x_wconf 90' lang='lat' dir='ltr'>rerum</span> <span class='ocrx_word' id='word_1_30' title='bbox 595 817 704 894; x_wconf 86' lang='lat' dir='ltr'>natura</span> <span class='ocrx_word' id='word_1_31' title='bbox 735 838 766 886; x_wconf 89' lang='lat' dir='ltr'>et</span> <span class='ocrx_word' id='word_1_32' title='bbox 799 830 986 911; x_wconf 86' lang='lat' dir='ltr'>¹condicione</span> <span class='ocrx_word' id='word_1_33' title='bbox 1020 846 1082 885; x_wconf 91' lang='lat' dir='ltr'>non</span> <span class='ocrx_word' id='word_1_34' title='bbox 1115 830 1236 886; x_wconf 87' lang='lat' dir='ltr'>videtur</span> <span class='ocrx_word' id='word_1_35' title='bbox 1270 830 1369 886; x_wconf 88' lang='lat' dir='ltr'>aliena</span> 
     </span>
     <span class='ocr_line' id='line_1_6' title="bbox 266 925 343 997; baseline 0.052 -4"><span class='ocrx_word' id='word_1_36' title='bbox 266 925 343 997; x_wconf 80' lang='lat' dir='ltr'>esse.</span> 
     </span>
    </p>

    <p class='ocr_par' dir='ltr' id='par_1_4' title="bbox 267 1033 1445 1622">
     <span class='ocr_line' id='line_1_7' title="bbox 347 1033 1369 1112; baseline -0.005 -18"><span class='ocrx_word' id='word_1_37' title='bbox 347 1037 489 1112; x_wconf 87' lang='lat' dir='ltr'>Denique</span> <span class='ocrx_word' id='word_1_38' title='bbox 503 1054 567 1092; x_wconf 90' lang='lat' dir='ltr'>non</span> <span class='ocrx_word' id='word_1_39' title='bbox 578 1036 699 1092; x_wconf 89' lang='lat' dir='ltr'>videtur</span> <span class='ocrx_word' id='word_1_40' title='bbox 720 1035 842 1091; x_wconf 87' lang='lat' dir='ltr'>silentio</span> <span class='ocrx_word' id='word_1_41' title='bbox 854 1033 1158 1108; x_wconf 87' lang='lat' dir='ltr'>praetermittendum</span> <span class='ocrx_word' id='word_1_42' title='bbox 1169 1051 1238 1090; x_wconf 90' lang='lat' dir='ltr'>esse</span> <span class='ocrx_word' id='word_1_43' title='bbox 1255 1051 1369 1090; x_wconf 88' lang='lat' dir='ltr'>nomen</span> 
     </span>
     <span class='ocr_line' id='line_1_8' title="bbox 267 1133 1445 1208; baseline -0.004 -12"><span class='ocrx_word' id='word_1_44' title='bbox 267 1139 391 1208; x_wconf 85' lang='lat' dir='ltr'>Diniae,</span> <span class='ocrx_word' id='word_1_45' title='bbox 426 1137 627 1195; x_wconf 85' lang='lat' dir='ltr'>Theomnesti</span> <span class='ocrx_word' id='word_1_46' title='bbox 657 1136 722 1205; x_wconf 84' lang='lat' dir='ltr'>tilii,</span> <span class='ocrx_word' id='word_1_47' title='bbox 752 1137 892 1201; x_wconf 70' lang='lat' dir='ltr'>otatione</span> <span class='ocrx_word' id='word_1_48' title='bbox 920 1133 1163 1192; x_wconf 84' lang='lat' dir='ltr'>Demosthenica</span> <span class='ocrx_word' id='word_1_49' title='bbox 1195 1135 1317 1204; x_wconf 83' lang='lat' dir='ltr'>firmari,</span> <span class='ocrx_word' id='word_1_50' title='bbox 1345 1137 1370 1192; x_wconf 85' lang='lat' dir='ltr'>si</span> <span class='ocrx_word' id='word_1_51' title='bbox 1443 1191 1445 1196; x_wconf 85' lang='grc'>,</span> 
     </span>
     <span class='ocr_line' id='line_1_9' title="bbox 268 1235 1373 1317; baseline -0.005 -18"><span class='ocrx_word' id='word_1_52' title='bbox 268 1244 394 1317; x_wconf 82' lang='lat' dir='ltr'>quidem</span> <span class='ocrx_word' id='word_1_53' title='bbox 415 1258 451 1296; x_wconf 87' lang='lat' dir='ltr'>ex</span> <span class='ocrx_word' id='word_1_54' title='bbox 474 1247 547 1296; x_wconf 86' lang='lat' dir='ltr'>orat.</span> <span class='ocrx_word' id='word_1_55' title='bbox 571 1237 648 1306; x_wconf 91' lang='lat' dir='ltr'>LlX,</span> <span class='ocrx_word' id='word_1_56' title='bbox 671 1241 702 1310; x_wconf 62' lang='grc' dir='ltr'>ἕξ</span> <span class='ocrx_word' id='word_1_57' title='bbox 726 1254 741 1295; x_wconf 92' lang='lat'><em>2</em></span> <span class='ocrx_word' id='word_1_58' title='bbox 765 1245 795 1293; x_wconf 89' lang='lat' dir='ltr'>et</span> <span class='ocrx_word' id='word_1_59' title='bbox 821 1235 854 1294; x_wconf 82' lang='lat'>16</span> <span class='ocrx_word' id='word_1_60' title='bbox 875 1238 953 1292; x_wconf 90' lang='lat' dir='ltr'>inter</span> <span class='ocrx_word' id='word_1_61' title='bbox 973 1254 1005 1292; x_wconf 91' lang='lat' dir='ltr'>se</span> <span class='ocrx_word' id='word_1_62' title='bbox 1027 1237 1208 1310; x_wconf 81' lang='lat' dir='ltr'>comparatis</span> <span class='ocrx_word' id='word_1_63' title='bbox 1222 1237 1373 1311; x_wconf 83' lang='lat' dir='ltr'>coliigitur</span> 
     </span>
     <span class='ocr_line' id='line_1_10' title="bbox 271 1337 1371 1416; baseline -0.003 -17"><span class='ocrx_word' id='word_1_64' title='bbox 271 1351 422 1401; x_wconf 90' lang='lat' dir='ltr'>oratorem</span> <span class='ocrx_word' id='word_1_65' title='bbox 444 1342 553 1416; x_wconf 90' lang='lat' dir='ltr'>prioris</span> <span class='ocrx_word' id='word_1_66' title='bbox 580 1339 673 1414; x_wconf 89' lang='lat' dir='ltr'>partis</span> <span class='ocrx_word' id='word_1_67' title='bbox 700 1347 774 1396; x_wconf 87' lang='lat' dir='ltr'>orat.</span> <span class='ocrx_word' id='word_1_68' title='bbox 795 1337 863 1394; x_wconf 91' lang='lat' dir='ltr'>LIX</span> <span class='ocrx_word' id='word_1_69' title='bbox 884 1337 1128 1395; x_wconf 88' lang='lat' dir='ltr'>Theomnestum</span> <span class='ocrx_word' id='word_1_70' title='bbox 1157 1339 1250 1396; x_wconf 88' lang='lat' dir='ltr'>filium</span> <span class='ocrx_word' id='word_1_71' title='bbox 1278 1339 1371 1396; x_wconf 88' lang='lat' dir='ltr'>fuisse</span> 
     </span>
     <span class='ocr_line' id='line_1_11' title="bbox 269 1439 1373 1514; baseline -0.005 -12"><span class='ocrx_word' id='word_1_72' title='bbox 269 1444 394 1514; x_wconf 88' lang='lat' dir='ltr'>Diniae;</span> <span class='ocrx_word' id='word_1_73' title='bbox 416 1445 502 1501; x_wconf 92' lang='lat' dir='ltr'>unde</span> <span class='ocrx_word' id='word_1_74' title='bbox 523 1442 608 1499; x_wconf 89' lang='lat' dir='ltr'>haud</span> <span class='ocrx_word' id='word_1_75' title='bbox 630 1442 694 1498; x_wconf 92' lang='lat' dir='ltr'>scio</span> <span class='ocrx_word' id='word_1_76' title='bbox 719 1459 759 1498; x_wconf 88' lang='lat' dir='ltr'>an</span> <span class='ocrx_word' id='word_1_77' title='bbox 777 1439 926 1497; x_wconf 82' lang='lat' dir='ltr'>efficiatur</span> <span class='ocrx_word' id='word_1_78' title='bbox 951 1457 1041 1496; x_wconf 91' lang='lat' dir='ltr'>avum</span> <span class='ocrx_word' id='word_1_79' title='bbox 1067 1439 1144 1497; x_wconf 90' lang='lat' dir='ltr'>illius</span> <span class='ocrx_word' id='word_1_80' title='bbox 1171 1439 1373 1498; x_wconf 88' lang='lat' dir='ltr'>Theomnesti</span> 
     </span>
     <span class='ocr_line' id='line_1_12' title="bbox 272 1543 1372 1622; baseline -0.005 -18"><span class='ocrx_word' id='word_1_81' title='bbox 272 1556 363 1622; x_wconf 88' lang='lat' dir='ltr'>atque</span> <span class='ocrx_word' id='word_1_82' title='bbox 411 1545 655 1602; x_wconf 88' lang='lat' dir='ltr'>Theomnestum</span> <span class='ocrx_word' id='word_1_83' title='bbox 698 1544 730 1599; x_wconf 92' lang='lat' dir='ltr'>in</span> <span class='ocrx_word' id='word_1_84' title='bbox 772 1543 949 1600; x_wconf 89' lang='lat' dir='ltr'>testimonio</span> <span class='ocrx_word' id='word_1_85' title='bbox 998 1560 1089 1616; x_wconf 89' lang='lat' dir='ltr'>supra</span> <span class='ocrx_word' id='word_1_86' title='bbox 1132 1551 1372 1600; x_wconf 87' lang='lat' dir='ltr'>commemorato</span> 
     </span>
    </p>

    <p class='ocr_par' dir='ltr' id='par_1_5' title="bbox 270 1637 1076 1727">
     <span class='ocr_line' id='line_1_13' title="bbox 270 1637 1076 1727; baseline -0.009 -20"><span class='ocrx_word' id='word_1_87' title='bbox 270 1645 392 1726; x_wconf 81' lang='grc' dir='ltr'><strong>(Δεινίας</strong></span> <span class='ocrx_word' id='word_1_88' title='bbox 413 1637 614 1727; x_wconf 65' lang='grc' dir='ltr'>Θεομνήστου)</span> <span class='ocrx_word' id='word_1_89' title='bbox 637 1647 772 1702; x_wconf 89' lang='lat' dir='ltr'>eundem</span> <span class='ocrx_word' id='word_1_90' title='bbox 795 1643 889 1702; x_wconf 88' lang='lat' dir='ltr'>fuisse</span> <span class='ocrx_word' id='word_1_91' title='bbox 911 1644 1076 1701; x_wconf 86' lang='lat' dir='ltr'>hominem.</span> 
     </span>
    </p>
   </div>
   <div class='ocr_carea' id='block_1_3' title="bbox 421 1773 820 1879">
    <p class='ocr_par' dir='ltr' id='par_1_6' title="bbox 421 1773 820 1879">
     <span class='ocr_line' id='line_1_14' title="bbox 421 1773 820 1879; baseline 0 -19"><span class='ocrx_word' id='word_1_92' title='bbox 421 1821 448 1879; x_wconf 87' lang='lat'>5.</span> <span class='ocrx_word' id='word_1_93' title='bbox 470 1803 517 1861; x_wconf 87' lang='lat' dir='ltr'>De</span> <span class='ocrx_word' id='word_1_94' title='bbox 540 1773 717 1862; x_wconf 87' lang='lat' dir='ltr'>testimonio</span> <span class='ocrx_word' id='word_1_95' title='bbox 739 1802 820 1876; x_wconf 70' lang='lat'><strong>560.</strong></span> 
     </span>
    </p>
   </div>
   <div class='ocr_carea' id='block_1_4' title="bbox 271 1914 1376 2510">
    <p class='ocr_par' dir='ltr' id='par_1_7' title="bbox 271 1914 1376 2407">
     <span class='ocr_line' id='line_1_15' title="bbox 358 1914 1375 2008; baseline -0.001 -22"><span class='ocrx_word' id='word_1_96' title='bbox 358 1923 592 1986; x_wconf 74' lang='lat' dir='ltr'><strong>MAPTTPIA.</strong></span> <span class='ocrx_word' id='word_1_97' title='bbox 634 1922 821 2008; x_wconf 81' lang='grc' dir='ltr'>Μαρτυροῦσι</span> <span class='ocrx_word' id='word_1_98' title='bbox 846 1922 925 2007; x_wconf 84' lang='grc' dir='ltr'>ρίλοι</span> <span class='ocrx_word' id='word_1_99' title='bbox 947 1918 1020 1983; x_wconf 86' lang='grc' dir='ltr'>εἶναι</span> <span class='ocrx_word' id='word_1_100' title='bbox 1042 1922 1093 1983; x_wconf 88' lang='grc' dir='ltr'>καὶ</span> <span class='ocrx_word' id='word_1_101' title='bbox 1114 1914 1273 1992; x_wconf 66' lang='grc' dir='ltr'>ἐπιτήδειοι</span> <span class='ocrx_word' id='word_1_102' title='bbox 1298 1923 1375 2004; x_wconf 86' lang='grc' dir='ltr'>Φορ-</span> 
     </span>
     <span class='ocr_line' id='line_1_16' title="bbox 272 2016 1375 2109; baseline 0 -21"><span class='ocrx_word' id='word_1_103' title='bbox 272 2027 365 2109; x_wconf 82' lang='grc' dir='ltr'>μίωνι,</span> <span class='ocrx_word' id='word_1_104' title='bbox 386 2026 438 2088; x_wconf 87' lang='grc' dir='ltr'>καὶ</span> <span class='ocrx_word' id='word_1_105' title='bbox 446 2036 579 2109; x_wconf 82' lang='grc' dir='ltr'>παρεῖναι</span> <span class='ocrx_word' id='word_1_106' title='bbox 599 2021 667 2106; x_wconf 77' lang='grc' dir='ltr'>πρὸς</span> <span class='ocrx_word' id='word_1_107' title='bbox 687 2029 734 2106; x_wconf 84' lang='grc' dir='ltr'>τῷ</span> <span class='ocrx_word' id='word_1_108' title='bbox 752 2016 893 2104; x_wconf 70' lang='grc' dir='ltr'>διαιτητῇ</span> <span class='ocrx_word' id='word_1_109' title='bbox 904 2023 1018 2104; x_wconf 76' lang='grc' dir='ltr'>Τεισία,</span> <span class='ocrx_word' id='word_1_110' title='bbox 1036 2023 1088 2086; x_wconf 84' lang='grc' dir='ltr'>ὅτε</span> <span class='ocrx_word' id='word_1_111' title='bbox 1107 2017 1142 2093; x_wconf 78' lang='grc' dir='ltr'>ἦν</span> <span class='ocrx_word' id='word_1_112' title='bbox 1161 2019 1306 2108; x_wconf 82' lang='grc' dir='ltr'>ἀπόφασις</span> <span class='ocrx_word' id='word_1_113' title='bbox 1321 2030 1375 2098; x_wconf 65' lang='grc' dir='ltr'>τῖς</span> 
     </span>
     <span class='ocr_line' id='line_1_17' title="bbox 274 2115 1376 2210; baseline -0.003 -20"><span class='ocrx_word' id='word_1_114' title='bbox 274 2121 389 2200; x_wconf 74' lang='grc' dir='ltr'>διαίτης</span> <span class='ocrx_word' id='word_1_115' title='bbox 408 2121 623 2210; x_wconf 77' lang='grc' dir='ltr'>Ἀπολλοδώρῳ</span> <span class='ocrx_word' id='word_1_116' title='bbox 651 2122 719 2210; x_wconf 86' lang='grc' dir='ltr'>πρὸς</span> <span class='ocrx_word' id='word_1_117' title='bbox 741 2125 914 2208; x_wconf 82' lang='grc' dir='ltr'>Φορμίωνα,</span> <span class='ocrx_word' id='word_1_118' title='bbox 935 2125 987 2186; x_wconf 83' lang='grc' dir='ltr'>καὶ</span> <span class='ocrx_word' id='word_1_119' title='bbox 1014 2115 1122 2187; x_wconf 71' lang='grc' dir='ltr'>εἰδέναι</span> <span class='ocrx_word' id='word_1_120' title='bbox 1141 2122 1196 2196; x_wconf 76' lang='grc' dir='ltr'>τὴν</span> <span class='ocrx_word' id='word_1_121' title='bbox 1216 2128 1376 2210; x_wconf 82' lang='grc' dir='ltr'>μαρτυρίαν</span> 
     </span>
     <span class='ocr_line' id='line_1_18' title="bbox 273 2219 1375 2315; baseline 0 -24"><span class='ocrx_word' id='word_1_122' title='bbox 273 2228 452 2315; x_wconf 69' lang='grc' dir='ltr'>ὑφῃρημένον</span> <span class='ocrx_word' id='word_1_123' title='bbox 487 2227 655 2313; x_wconf 81' lang='grc' dir='ltr'>Στέφανον,</span> <span class='ocrx_word' id='word_1_124' title='bbox 693 2226 728 2297; x_wconf 73' lang='grc' dir='ltr'>ἦν</span> <span class='ocrx_word' id='word_1_125' title='bbox 771 2231 908 2288; x_wconf 78' lang='grc' dir='ltr'>αἰτιᾶται</span> <span class='ocrx_word' id='word_1_126' title='bbox 947 2224 1038 2288; x_wconf 82' lang='grc' dir='ltr'>αὐτὸν</span> <span class='ocrx_word' id='word_1_127' title='bbox 1067 2219 1287 2309; x_wconf 67' lang='grc' dir='ltr'>Ἀπολλόδωρος</span> <span class='ocrx_word' id='word_1_128' title='bbox 1308 2227 1375 2314; x_wconf 78' lang='grc' dir='ltr'>ὑφε-</span> 
     </span>
     <span class='ocr_line' id='line_1_19' title="bbox 271 2331 889 2407; baseline 0.011 -16"><span class='ocrx_word' id='word_1_129' title='bbox 271 2331 400 2407; x_wconf 41' lang='grc' dir='ltr'>λέσθαι,</span> <span class='ocrx_word' id='word_1_130' title='bbox 887 2391 889 2398; x_wconf 89' lang='grc'><em>,</em></span> 
     </span>
    </p>

    <p class='ocr_par' dir='ltr' id='par_1_8' title="bbox 360 2417 1376 2510">
     <span class='ocr_line' id='line_1_20' title="bbox 360 2417 1376 2510; baseline 0.001 -18"><span class='ocrx_word' id='word_1_131' title='bbox 360 2435 442 2492; x_wconf 89' lang='lat' dir='ltr'>Huic</span> <span class='ocrx_word' id='word_1_132' title='bbox 467 2444 497 2492; x_wconf 87' lang='lat' dir='ltr'>et</span> <span class='ocrx_word' id='word_1_133' title='bbox 518 2436 691 2510; x_wconf 80' lang='lat' dir='ltr'>insequenti</span> <span class='ocrx_word' id='word_1_134' title='bbox 704 2437 879 2492; x_wconf 87' lang='lat' dir='ltr'>testimonio</span> <span class='ocrx_word' id='word_1_135' title='bbox 896 2436 989 2493; x_wconf 87' lang='lat' dir='ltr'>West.</span> <span class='ocrx_word' id='word_1_136' title='bbox 1011 2437 1083 2492; x_wconf 91' lang='lat' dir='ltr'>ideo</span> <span class='ocrx_word' id='word_1_137' title='bbox 1104 2417 1240 2510; x_wconf 75' lang='lat' dir='ltr'>inprimis</span> <span class='ocrx_word' id='word_1_138' title='bbox 1253 2437 1376 2493; x_wconf 88' lang='lat' dir='ltr'>obelum</span> 
     </span>
    </p>
   </div>
   <div class='ocr_carea' id='block_1_5' title="bbox 271 2537 1381 4137">
    <p class='ocr_par' dir='ltr' id='par_1_9' title="bbox 271 2537 1379 3731">
     <span class='ocr_line' id='line_1_21' title="bbox 274 2537 1377 2613; baseline 0.001 -18"><span class='ocrx_word' id='word_1_139' title='bbox 274 2539 417 2612; x_wconf 89' lang='lat' dir='ltr'>apposuit</span> <span class='ocrx_word' id='word_1_140' title='bbox 444 2538 529 2613; x_wconf 91' lang='lat' dir='ltr'>quod</span> <span class='ocrx_word' id='word_1_141' title='bbox 556 2538 682 2594; x_wconf 90' lang='lat' dir='ltr'>nomina</span> <span class='ocrx_word' id='word_1_142' title='bbox 711 2541 833 2602; x_wconf 81' lang='lat' dir='ltr'>testium</span> <span class='ocrx_word' id='word_1_143' title='bbox 861 2539 892 2595; x_wconf 90' lang='lat' dir='ltr'>in</span> <span class='ocrx_word' id='word_1_144' title='bbox 916 2537 1015 2596; x_wconf 89' lang='lat' dir='ltr'>fronte</span> <span class='ocrx_word' id='word_1_145' title='bbox 1044 2555 1108 2594; x_wconf 92' lang='lat' dir='ltr'>non</span> <span class='ocrx_word' id='word_1_146' title='bbox 1136 2546 1263 2598; x_wconf 87' lang='lat' dir='ltr'>exstant.</span> <span class='ocrx_word' id='word_1_147' title='bbox 1306 2538 1377 2611; x_wconf 87' lang='lat' dir='ltr'>Qua</span> 
     </span>
     <span class='ocr_line' id='line_1_22' title="bbox 273 2639 1377 2715; baseline 0.001 -19"><span class='ocrx_word' id='word_1_148' title='bbox 273 2641 313 2696; x_wconf 89' lang='lat' dir='ltr'>de</span> <span class='ocrx_word' id='word_1_149' title='bbox 336 2658 367 2696; x_wconf 89' lang='lat' dir='ltr'>re</span> <span class='ocrx_word' id='word_1_150' title='bbox 389 2641 473 2696; x_wconf 90' lang='lat' dir='ltr'>idem</span> <span class='ocrx_word' id='word_1_151' title='bbox 502 2639 671 2696; x_wconf 88' lang='lat' dir='ltr'>dicendum</span> <span class='ocrx_word' id='word_1_152' title='bbox 699 2647 758 2708; x_wconf 86' lang='lat' dir='ltr'>est,</span> <span class='ocrx_word' id='word_1_153' title='bbox 790 2641 876 2714; x_wconf 92' lang='lat' dir='ltr'>quod</span> <span class='ocrx_word' id='word_1_154' title='bbox 899 2641 959 2696; x_wconf 88' lang='lat' dir='ltr'>iam</span> <span class='ocrx_word' id='word_1_155' title='bbox 986 2641 1108 2714; x_wconf 88' lang='lat' dir='ltr'>saepius</span> <span class='ocrx_word' id='word_1_156' title='bbox 1129 2639 1185 2696; x_wconf 88' lang='lat' dir='ltr'>hac</span> <span class='ocrx_word' id='word_1_157' title='bbox 1213 2642 1244 2697; x_wconf 90' lang='lat' dir='ltr'>in</span> <span class='ocrx_word' id='word_1_158' title='bbox 1271 2642 1377 2715; x_wconf 92' lang='lat' dir='ltr'>dispu-</span> 
     </span>
     <span class='ocr_line' id='line_1_23' title="bbox 274 2741 1377 2816; baseline 0.001 -18"><span class='ocrx_word' id='word_1_159' title='bbox 274 2743 390 2798; x_wconf 83' lang='lat' dir='ltr'>tatione</span> <span class='ocrx_word' id='word_1_160' title='bbox 411 2743 561 2798; x_wconf 91' lang='lat' dir='ltr'>monitum</span> <span class='ocrx_word' id='word_1_161' title='bbox 585 2741 656 2810; x_wconf 88' lang='lat' dir='ltr'>est,¹</span> <span class='ocrx_word' id='word_1_162' title='bbox 679 2743 794 2798; x_wconf 88' lang='lat' dir='ltr'>scilicet</span> <span class='ocrx_word' id='word_1_163' title='bbox 816 2759 880 2797; x_wconf 91' lang='lat' dir='ltr'>non</span> <span class='ocrx_word' id='word_1_164' title='bbox 902 2742 940 2797; x_wconf 86' lang='lat' dir='ltr'>ab</span> <span class='ocrx_word' id='word_1_165' title='bbox 962 2760 1010 2811; x_wconf 89' lang='lat' dir='ltr'>eo,</span> <span class='ocrx_word' id='word_1_166' title='bbox 1034 2743 1085 2816; x_wconf 92' lang='lat' dir='ltr'>qui</span> <span class='ocrx_word' id='word_1_167' title='bbox 1108 2744 1282 2815; x_wconf 88' lang='lat' dir='ltr'>composuit</span> <span class='ocrx_word' id='word_1_168' title='bbox 1309 2761 1377 2799; x_wconf 88' lang='lat' dir='ltr'>ora-</span> 
     </span>
     <span class='ocr_line' id='line_1_24' title="bbox 271 2844 1375 2916; baseline -0.002 -14"><span class='ocrx_word' id='word_1_169' title='bbox 271 2847 404 2913; x_wconf 88' lang='lat' dir='ltr'>tionem,</span> <span class='ocrx_word' id='word_1_170' title='bbox 433 2846 489 2901; x_wconf 90' lang='lat' dir='ltr'>sed</span> <span class='ocrx_word' id='word_1_171' title='bbox 517 2862 535 2900; x_wconf 90' lang='lat' dir='ltr'>a</span> <span class='ocrx_word' id='word_1_172' title='bbox 564 2844 685 2900; x_wconf 83' lang='lat' dir='ltr'>librario</span> <span class='ocrx_word' id='word_1_173' title='bbox 717 2844 870 2916; x_wconf 90' lang='lat' dir='ltr'>quodam,</span> <span class='ocrx_word' id='word_1_174' title='bbox 900 2861 970 2898; x_wconf 91' lang='lat' dir='ltr'>cum</span> <span class='ocrx_word' id='word_1_175' title='bbox 998 2844 1038 2898; x_wconf 91' lang='lat' dir='ltr'>ad</span> <span class='ocrx_word' id='word_1_176' title='bbox 1072 2861 1171 2899; x_wconf 90' lang='lat' dir='ltr'>rerum</span> <span class='ocrx_word' id='word_1_177' title='bbox 1200 2852 1375 2900; x_wconf 86' lang='lat' dir='ltr'>contextum</span> 
     </span>
     <span class='ocr_line' id='line_1_25' title="bbox 273 2945 1377 3020; baseline 0 -18"><span class='ocrx_word' id='word_1_178' title='bbox 273 2947 514 3020; x_wconf 83' lang='lat' dir='ltr'>intellegendum</span> <span class='ocrx_word' id='word_1_179' title='bbox 542 2945 654 3001; x_wconf 85' lang='lat' dir='ltr'>nuliius</span> <span class='ocrx_word' id='word_1_180' title='bbox 675 2945 824 3000; x_wconf 84' lang='lat' dir='ltr'>momenti</span> <span class='ocrx_word' id='word_1_181' title='bbox 850 2962 918 3000; x_wconf 90' lang='lat' dir='ltr'>esse</span> <span class='ocrx_word' id='word_1_182' title='bbox 946 2946 1145 3012; x_wconf 88' lang='lat' dir='ltr'>existimaret,</span> <span class='ocrx_word' id='word_1_183' title='bbox 1174 2948 1300 3002; x_wconf 88' lang='lat' dir='ltr'>nomina</span> <span class='ocrx_word' id='word_1_184' title='bbox 1327 2947 1377 3002; x_wconf 87' lang='lat' dir='ltr'>iila</span> 
     </span>
     <span class='ocr_line' id='line_1_26' title="bbox 273 3046 1376 3121; baseline 0 -17"><span class='ocrx_word' id='word_1_185' title='bbox 273 3050 387 3106; x_wconf 88' lang='lat' dir='ltr'>omissa</span> <span class='ocrx_word' id='word_1_186' title='bbox 423 3066 502 3107; x_wconf 91' lang='lat' dir='ltr'>esse.</span> <span class='ocrx_word' id='word_1_187' title='bbox 560 3046 752 3121; x_wconf 86' lang='lat' dir='ltr'>ineptissime</span> <span class='ocrx_word' id='word_1_188' title='bbox 793 3047 883 3120; x_wconf 84' lang='lat' dir='ltr'>igitur</span> <span class='ocrx_word' id='word_1_189' title='bbox 918 3046 1183 3104; x_wconf 88' lang='lat' dir='ltr'>Westermannum</span> <span class='ocrx_word' id='word_1_190' title='bbox 1221 3047 1376 3120; x_wconf 85' lang='lat' dir='ltr'>disputare</span> 
     </span>
     <span class='ocr_line' id='line_1_27' title="bbox 274 3147 1377 3236; baseline 0.001 -31"><span class='ocrx_word' id='word_1_191' title='bbox 274 3151 379 3218; x_wconf 87' lang='lat' dir='ltr'>iudico</span> <span class='ocrx_word' id='word_1_192' title='bbox 401 3151 492 3205; x_wconf 87' lang='lat' dir='ltr'>verba</span> <span class='ocrx_word' id='word_1_193' title='bbox 512 3147 690 3206; x_wconf 82' lang='lat' dir='ltr'>facientem:</span> <span class='ocrx_word' id='word_1_194' title='bbox 713 3147 809 3226; x_wconf 81' lang='lat' dir='ltr'>„Hier</span> <span class='ocrx_word' id='word_1_195' title='bbox 831 3149 896 3204; x_wconf 91' lang='lat' dir='ltr'>und</span> <span class='ocrx_word' id='word_1_196' title='bbox 918 3149 968 3205; x_wconf 90' lang='lat' dir='ltr'>bei</span> <span class='ocrx_word' id='word_1_197' title='bbox 991 3151 1055 3236; x_wconf 70' lang='lat' dir='ltr'>den</span> <span class='ocrx_word' id='word_1_198' title='bbox 1072 3149 1186 3205; x_wconf 86' lang='lat' dir='ltr'>beiden</span> <span class='ocrx_word' id='word_1_199' title='bbox 1208 3149 1377 3224; x_wconf 80' lang='lat' dir='ltr'>folgenden</span> 
     </span>
     <span class='ocr_line' id='line_1_28' title="bbox 275 3249 1377 3325; baseline 0.002 -19"><span class='ocrx_word' id='word_1_200' title='bbox 275 3252 437 3324; x_wconf 84' lang='lat' dir='ltr'>Aussagen</span> <span class='ocrx_word' id='word_1_201' title='bbox 453 3250 505 3306; x_wconf 86' lang='lat' dir='ltr'>hat</span> <span class='ocrx_word' id='word_1_202' title='bbox 525 3252 582 3306; x_wconf 89' lang='lat' dir='ltr'>der</span> <span class='ocrx_word' id='word_1_203' title='bbox 593 3249 753 3307; x_wconf 85' lang='lat' dir='ltr'>Veriasser</span> <span class='ocrx_word' id='word_1_204' title='bbox 774 3249 838 3307; x_wconf 85' lang='lat' dir='ltr'>sich</span> <span class='ocrx_word' id='word_1_205' title='bbox 851 3268 906 3324; x_wconf 88' lang='lat' dir='ltr'>gar</span> <span class='ocrx_word' id='word_1_206' title='bbox 927 3249 1010 3307; x_wconf 91' lang='lat' dir='ltr'>nicht</span> <span class='ocrx_word' id='word_1_207' title='bbox 1022 3251 1075 3308; x_wconf 74' lang='lat' dir='ltr'>,die</span> <span class='ocrx_word' id='word_1_208' title='bbox 1087 3249 1180 3307; x_wconf 89' lang='lat' dir='ltr'>Miihe</span> <span class='ocrx_word' id='word_1_209' title='bbox 1191 3268 1377 3325; x_wconf 87' lang='lat' dir='ltr'>genommen</span> 
     </span>
     <span class='ocr_line' id='line_1_29' title="bbox 276 3349 1378 3426; baseline 0.004 -21"><span class='ocrx_word' id='word_1_210' title='bbox 276 3352 326 3405; x_wconf 88' lang='lat' dir='ltr'>die</span> <span class='ocrx_word' id='word_1_211' title='bbox 350 3350 471 3406; x_wconf 91' lang='lat' dir='ltr'>Namen</span> <span class='ocrx_word' id='word_1_212' title='bbox 492 3352 548 3407; x_wconf 92' lang='lat' dir='ltr'>der</span> <span class='ocrx_word' id='word_1_213' title='bbox 571 3349 697 3426; x_wconf 87' lang='lat' dir='ltr'>Zeugen</span> <span class='ocrx_word' id='word_1_214' title='bbox 718 3370 753 3407; x_wconf 90' lang='lat' dir='ltr'>zu</span> <span class='ocrx_word' id='word_1_215' title='bbox 775 3352 945 3420; x_wconf 82' lang='lat' dir='ltr'>erfinden,“</span> <span class='ocrx_word' id='word_1_216' title='bbox 968 3353 1055 3426; x_wconf 88' lang='lat' dir='ltr'>quasi</span> <span class='ocrx_word' id='word_1_217' title='bbox 1082 3351 1203 3408; x_wconf 78' lang='lat' dir='ltr'>falsario</span> <span class='ocrx_word' id='word_1_218' title='bbox 1225 3353 1265 3408; x_wconf 84' lang='lat' dir='ltr'>iili</span> <span class='ocrx_word' id='word_1_219' title='bbox 1287 3385 1326 3393; x_wconf 88' lang='lat'>—</span> <span class='ocrx_word' id='word_1_220' title='bbox 1346 3361 1378 3410; x_wconf 91' lang='lat' dir='ltr'>ut</span> 
     </span>
     <span class='ocr_line' id='line_1_30' title="bbox 276 3451 1378 3524; baseline 0.004 -18"><span class='ocrx_word' id='word_1_221' title='bbox 276 3452 402 3524; x_wconf 90' lang='lat' dir='ltr'>quidem</span> <span class='ocrx_word' id='word_1_222' title='bbox 422 3451 672 3508; x_wconf 86' lang='lat' dir='ltr'>Westermannus</span> <span class='ocrx_word' id='word_1_223' title='bbox 694 3453 755 3509; x_wconf 89' lang='lat' dir='ltr'>vult</span> <span class='ocrx_word' id='word_1_224' title='bbox 776 3486 815 3495; x_wconf 91' lang='lat'>—</span> <span class='ocrx_word' id='word_1_225' title='bbox 837 3455 911 3510; x_wconf 90' lang='lat' dir='ltr'>tanti</span> <span class='ocrx_word' id='word_1_226' title='bbox 933 3454 1055 3510; x_wconf 91' lang='lat' dir='ltr'>sudoris</span> <span class='ocrx_word' id='word_1_227' title='bbox 1079 3462 1109 3509; x_wconf 90' lang='lat' dir='ltr'>et</span> <span class='ocrx_word' id='word_1_228' title='bbox 1130 3454 1242 3509; x_wconf 86' lang='lat' dir='ltr'>laboris</span> <span class='ocrx_word' id='word_1_229' title='bbox 1263 3453 1378 3520; x_wconf 86' lang='lat' dir='ltr'>suisset,</span> 
     </span>
     <span class='ocr_line' id='line_1_31' title="bbox 277 3555 1379 3629; baseline 0.003 -21"><span class='ocrx_word' id='word_1_230' title='bbox 277 3571 345 3608; x_wconf 92' lang='lat' dir='ltr'>cum</span> <span class='ocrx_word' id='word_1_231' title='bbox 368 3561 414 3610; x_wconf 92' lang='lat' dir='ltr'>tot</span> <span class='ocrx_word' id='word_1_232' title='bbox 435 3555 561 3610; x_wconf 87' lang='lat' dir='ltr'>nomina</span> <span class='ocrx_word' id='word_1_233' title='bbox 586 3557 749 3611; x_wconf 90' lang='lat' dir='ltr'>ementitus</span> <span class='ocrx_word' id='word_1_234' title='bbox 779 3564 875 3624; x_wconf 87' lang='lat' dir='ltr'>esset,</span> <span class='ocrx_word' id='word_1_235' title='bbox 902 3557 993 3611; x_wconf 89' lang='lat' dir='ltr'>etiam</span> <span class='ocrx_word' id='word_1_236' title='bbox 1021 3555 1144 3629; x_wconf 86' lang='lat' dir='ltr'>reliquis</span> <span class='ocrx_word' id='word_1_237' title='bbox 1172 3557 1379 3611; x_wconf 86' lang='lat' dir='ltr'>instrumentis</span> 
     </span>
     <span class='ocr_line' id='line_1_32' title="bbox 275 3654 726 3731; baseline 0.007 -21"><span class='ocrx_word' id='word_1_238' title='bbox 275 3656 396 3712; x_wconf 90' lang='lat' dir='ltr'>testium</span> <span class='ocrx_word' id='word_1_239' title='bbox 419 3656 545 3712; x_wconf 88' lang='lat' dir='ltr'>nomina</span> <span class='ocrx_word' id='word_1_240' title='bbox 567 3654 726 3731; x_wconf 79' lang='lat' dir='ltr'>affingere!</span> 
     </span>
    </p>

    <p class='ocr_par' dir='ltr' id='par_1_10' title="bbox 275 3755 1381 4137">
     <span class='ocr_line' id='line_1_33' title="bbox 356 3755 1380 3834; baseline 0.002 -22"><span class='ocrx_word' id='word_1_241' title='bbox 356 3755 467 3813; x_wconf 86' lang='lat' dir='ltr'>Mirum</span> <span class='ocrx_word' id='word_1_242' title='bbox 503 3775 594 3831; x_wconf 87' lang='lat' dir='ltr'>porro</span> <span class='ocrx_word' id='word_1_243' title='bbox 629 3759 769 3815; x_wconf 88' lang='lat' dir='ltr'>videatur</span> <span class='ocrx_word' id='word_1_244' title='bbox 808 3760 895 3834; x_wconf 91' lang='lat' dir='ltr'>quod</span> <span class='ocrx_word' id='word_1_245' title='bbox 931 3766 1025 3815; x_wconf 89' lang='lat' dir='ltr'>testes</span> <span class='ocrx_word' id='word_1_246' title='bbox 1061 3759 1250 3815; x_wconf 89' lang='lat' dir='ltr'>inducuntur</span> <span class='ocrx_word' id='word_1_247' title='bbox 1290 3759 1380 3814; x_wconf 88' lang='lat' dir='ltr'>amici</span> 
     </span>
     <span class='ocr_line' id='line_1_34' title="bbox 275 3856 1380 3933; baseline 0.006 -21"><span class='ocrx_word' id='word_1_248' title='bbox 275 3856 483 3929; x_wconf 88' lang='lat' dir='ltr'>Phormionis,</span> <span class='ocrx_word' id='word_1_249' title='bbox 516 3876 595 3933; x_wconf 89' lang='lat' dir='ltr'>quos</span> <span class='ocrx_word' id='word_1_250' title='bbox 627 3868 735 3916; x_wconf 90' lang='lat' dir='ltr'>contra</span> <span class='ocrx_word' id='word_1_251' title='bbox 766 3861 846 3916; x_wconf 86' lang='lat' dir='ltr'>iilius</span> <span class='ocrx_word' id='word_1_252' title='bbox 884 3860 1011 3916; x_wconf 90' lang='lat' dir='ltr'>salutem</span> <span class='ocrx_word' id='word_1_253' title='bbox 1042 3868 1205 3916; x_wconf 90' lang='lat' dir='ltr'>testaturos</span> <span class='ocrx_word' id='word_1_254' title='bbox 1241 3877 1309 3916; x_wconf 88' lang='lat' dir='ltr'>esse</span> <span class='ocrx_word' id='word_1_255' title='bbox 1339 3878 1380 3919; x_wconf 90' lang='lat' dir='ltr'>se.</span> 
     </span>
     <span class='ocr_line' id='line_1_35' title="bbox 276 3958 1381 4036; baseline 0.003 -23"><span class='ocrx_word' id='word_1_256' title='bbox 276 3958 463 4032; x_wconf 88' lang='lat' dir='ltr'>Stephanum</span> <span class='ocrx_word' id='word_1_257' title='bbox 477 3962 695 4030; x_wconf 86' lang='lat' dir='ltr'>testimonium,</span> <span class='ocrx_word' id='word_1_258' title='bbox 718 3964 804 4035; x_wconf 93' lang='lat' dir='ltr'>quod</span> <span class='ocrx_word' id='word_1_259' title='bbox 826 3962 988 4036; x_wconf 87' lang='lat' dir='ltr'>quaeritur,</span> <span class='ocrx_word' id='word_1_260' title='bbox 1011 3963 1191 4035; x_wconf 84' lang='lat' dir='ltr'>surripuisse</span> <span class='ocrx_word' id='word_1_261' title='bbox 1214 3960 1298 4017; x_wconf 90' lang='lat' dir='ltr'>haud</span> <span class='ocrx_word' id='word_1_262' title='bbox 1320 3963 1381 4016; x_wconf 90' lang='lat' dir='ltr'>veri</span> 
     </span>
     <span class='ocr_line' id='line_1_36' title="bbox 276 4060 1381 4137; baseline 0.001 -21"><span class='ocrx_word' id='word_1_263' title='bbox 276 4061 372 4116; x_wconf 86' lang='lat' dir='ltr'>simile</span> <span class='ocrx_word' id='word_1_264' title='bbox 393 4078 463 4117; x_wconf 88' lang='lat' dir='ltr'>esse</span> <span class='ocrx_word' id='word_1_265' title='bbox 486 4060 613 4118; x_wconf 86' lang='lat' dir='ltr'>fortasse</span> <span class='ocrx_word' id='word_1_266' title='bbox 635 4063 785 4137; x_wconf 90' lang='lat' dir='ltr'>quispiam</span> <span class='ocrx_word' id='word_1_267' title='bbox 813 4065 904 4120; x_wconf 89' lang='lat' dir='ltr'>dicat.</span> <span class='ocrx_word' id='word_1_268' title='bbox 947 4063 1009 4118; x_wconf 91' lang='lat' dir='ltr'>Sed</span> <span class='ocrx_word' id='word_1_269' title='bbox 1038 4066 1121 4137; x_wconf 83' lang='lat' dir='ltr'>quis,</span> <span class='ocrx_word' id='word_1_270' title='bbox 1152 4080 1286 4136; x_wconf 79' lang='lat' dir='ltr'>quaer0,</span> <span class='ocrx_word' id='word_1_271' title='bbox 1315 4081 1381 4117; x_wconf 91' lang='lat' dir='ltr'>non</span> 
     </span>
    </p>
   </div>
   <div class='ocr_carea' id='block_1_6' title="bbox 350 4297 842 4369">
    <p class='ocr_par' dir='ltr' id='par_1_11' title="bbox 350 4297 842 4369">
     <span class='ocr_line' id='line_1_37' title="bbox 350 4297 842 4369; baseline 0.012 -21"><span class='ocrx_word' id='word_1_272' title='bbox 350 4297 361 4335; x_wconf 85' lang='lat'>¹</span> <span class='ocrx_word' id='word_1_273' title='bbox 379 4303 436 4352; x_wconf 90' lang='lat' dir='ltr'>vide</span> <span class='ocrx_word' id='word_1_274' title='bbox 456 4303 532 4353; x_wconf 88' lang='lat' dir='ltr'>huius</span> <span class='ocrx_word' id='word_1_275' title='bbox 552 4304 620 4369; x_wconf 89' lang='lat' dir='ltr'>disp.</span> <span class='ocrx_word' id='word_1_276' title='bbox 641 4318 666 4369; x_wconf 90' lang='lat' dir='ltr'>p.</span> <span class='ocrx_word' id='word_1_277' title='bbox 690 4317 722 4366; x_wconf 89' lang='lat'>24</span> <span class='ocrx_word' id='word_1_278' title='bbox 740 4314 797 4355; x_wconf 89' lang='lat' dir='ltr'>not.</span> <span class='ocrx_word' id='word_1_279' title='bbox 817 4319 842 4368; x_wconf 77' lang='lat'>4.</span> 
     </span>
    </p>
   </div>
   <div class='ocr_carea' id='block_1_7' title="bbox 0 0 1786 5038">
    <p class='ocr_par' dir='ltr' id='par_1_12' title="bbox 0 0 1786 5038">
     <span class='ocr_line' id='line_1_38' title="bbox 0 0 1786 5038; baseline 0 0"><span class='ocrx_word' id='word_1_280' title='bbox 0 0 1786 5038; x_wconf 95' lang='lat' dir='ltr'> </span> 
     </span>
    </p>
   </div>
  </div>
 </body>
</html>
