3532 5038
329 551 389 610 iam
418 571 510 628 supra
532 558 792 615 commemoratis:
818 551 904 616 καθὰ
930 555 994 636 περὶ
1018 560 1073 628 τῆς
1097 551 1167 628 νεὼς
1193 557 1244 618 καὶ
1269 561 1323 618 τοῦ
1349 557 1431 619 σίτου

329 653 442 734 εἴρηται
461 649 544 714 κατὰ
562 659 665 715 ταῦτα
686 658 823 720 efficitur.

408 757 551 834 Denique
567 761 640 818 mihi
654 763 772 819 addere
790 763 880 819 liceat
900 762 980 820 hanc
993 763 1154 821 formulam
1167 764 1225 822 hac
1245 766 1278 822 ιἰι
1291 767 1430 824 oratione

329 877 394 915 non
416 861 514 917 solum
535 861 618 919 libris
641 858 740 920 FbB
768 866 826 922 sed
851 867 944 922 etiam
968 867 1079 924 codice
1100 861 1129 924 Σ
1150 865 1293 925 exhiberi.
1335 867 1431 938 Quod

329 961 370 1016 ad
390 963 601 1019 auctoritatem
623 963 810 1022 fulciendam
832 985 870 1022 ne
892 969 1050 1042 permagni
1071 969 1219 1024 momenti
1240 987 1309 1026 esse
1332 970 1433 1026 existi-

329 1081 481 1121 maremus
520 1082 708 1139 magnopere
747 1069 919 1124 cavendum
954 1086 1023 1125 esse
1059 1087 1128 1125 cum
1163 1087 1253 1144 supra
1290 1071 1432 1144 explana-

328 1167 477 1237 verimus,
514 1168 575 1224 alio
608 1168 693 1236 loco,
730 1185 784 1224 cur
805 1169 927 1243 reliquis
955 1171 1077 1226 omissis
1108 1171 1169 1228 hoc
1200 1189 1295 1228 unum
1321 1173 1432 1228 iustru-

329 1277 467 1325 mentum
521 1270 554 1325 in
602 1277 684 1326 textu
734 1270 806 1335 cod,
854 1265 882 1327 Σ
932 1279 1083 1328 retentum
1130 1289 1198 1329 esse
1241 1291 1431 1343 censeamus

328 1371 508 1443 aperiemus

659 1632 789 1697 PARS
810 1632 1099 1697 POSTERIOR.

421 1768 476 1830 De
497 1769 566 1832 litis
587 1769 822 1844 instrumentis
843 1769 878 1832 in
899 1770 1165 1833 Demosthenisl
1185 1770 1342 1833 oratione

602 1871 717 1950 priore
744 1872 911 1934 adversus
933 1871 1159 1953 Stephanum.

824 2027 923 2034 ——.-.

692 2117 714 2175 1.
735 2115 789 2172 De
811 2117 1061 2177 testimoniis,

483 2251 506 2294 1.
528 2233 575 2290 De
597 2235 774 2291 testimonio
796 2237 812 2307 ξ
833 2233 861 2294 8.

409 2353 642 2416 ΜΑΡΤΤΡΙΑ.
703 2352 854 2437 Στέφανος
894 2351 1077 2425 Μενεκλέους
1108 2346 1279 2436 Ἀχαρνεύς,
1313 2345 1430 2425 Ἔνδιος

338 2456 499 2542 Επιγένους
527 2448 721 2539 Λαμπτρεύς,
749 2447 871 2526 Σκύθτος
894 2451 1066 2538 Ἁρματέως
1100 2445 1328 2528 Κυδαθηναιεὺς
1356 2477 1429 2538 μαρ-

326 2562 442 2643 τυροῦσι
472 2565 604 2638 παρεῖναι
629 2551 697 2639 πρὸς
722 2559 768 2636 τῶ
793 2547 934 2636 διαιτητῇ
961 2554 989 2616 Τ
992 2556 1063 2635 ειςίος
1086 2553 1235 2640 Ἀχαρνεῖ,
1256 2553 1315 2637 Ιὸτε
1342 2579 1429 2638 προσ-

314 2663 451 2721 ,καλεῖτο
489 2656 625 2742 Φορμίων
651 2647 886 2739 Ἀπολλόδωρον,
922 2662 947 2718 εἰ
974 2650 1014 2740 μή
1051 2679 1134 2743 φησιν
1149 2657 1326 2744 ’ἀντίγραφα
1356 2655 1428 2720 εἶναι

326 2767 387 2823 τῶν
418 2753 573 2830 διαθηκῶν
609 2763 670 2820 τῶν
701 2757 857 2830 Πασίωνος
890 2755 926 2820 τὸ
964 2769 1180 2844 γραμματεῖον,
1220 2760 1236 2822 ὃ
1271 2755 1430 2841 ἐνεβάλετο

327 2862 464 2946 Φορμίων
485 2868 525 2933 εἰς
541 2856 593 2922 τὸν
614 2861 716 2943 ἐχῖνον,
737 2857 860 2943 ἀνοίγειν
880 2854 937 2931 τὰς
957 2850 1106 2932 διαθήκας
1125 2856 1183 2933 τοὶς
1200 2860 1372 2944 Πασίωνος,
1394 2862 1429 2934 οἳς

327 2963 486 3047 παρείχετο
512 2959 581 3046 πρὸς
601 2956 653 3022 τὸν
674 2952 829 3030 διαιτητὴν
848 2959 973 3045 Ἀμφίας
993 2959 1008 3023 ὁ
1028 2961 1255 3046 Κηφισοφῶντος
1275 2956 1428 3035 κηδεστής.

331 3056 546 3151 Απολλὸδωρον
570 3055 603 3125 δὲ
629 3061 682 3124 οὐκ
710 3060 826 3124 ἐθέλειν
853 3059 991 3147 ἀνοίγειν·
1013 3059 1086 3124 εἶναι
1107 3055 1141 3125 δὲ
1165 3054 1237 3125 τάδ’
1263 3062 1429 3149 ἀντίγραφα

327 3171 386 3228 τῶν
406 3158 560 3235 διαθηκῶν
579 3169 641 3226 τῶν
661 3163 827 3246 Πασίωρος.

407 3271 454 3328 Ι)ο
483 3271 573 3328 huius
600 3271 793 3328 instrumenti
822 3273 981 3345 scriptura,
1003 3289 1096 3346 quae,
1126 3273 1204 3328 sicut
1231 3272 1429 3346 insequentes

325 3374 416 3430 huius
446 3373 593 3430 orationis
621 3372 784 3442 formulae,
812 3374 923 3428 iisdem
942 3373 1024 3430 libris
1057 3391 1148 3447 supra
1184 3375 1428 3430 commemoratis

325 3470 424 3531 ΕΦΒ
445 3475 562 3543 nititur,
590 3474 667 3531 haec
688 3475 847 3531 monenda
873 3481 952 3530 sunt.
984 3473 1020 3532 V.
1042 3491 1061 3548 4
1089 3492 1159 3530 eum
1180 3476 1213 3531 in
1240 3476 1428 3532 editionibus

325 3571 415 3652 Τισίᾳ
443 3581 548 3646 exstet,
576 3571 694 3652 Τεισίᾳ,
729 3593 772 3632 sc.
799 3593 854 3649 per
880 3575 1084 3650 diphtongum
1111 3577 1143 3632 iu
1173 3577 1289 3651 syllaba
1318 3578 1428 3656 priore,

324 3677 557 3734 rescribendum
586 3695 743 3753 propono,
780 3678 805 3734 si
833 3677 958 3752 quidem
992 3677 1072 3734 hanc
1098 3679 1244 3752 optimam
1273 3678 1428 3736 scribendi

323 3781 475 3836 rationem
505 3779 596 3836 huius
624 3788 655 3836 et
689 3780 728 3836 ab
755 3780 869 3836 eodem
898 3781 990 3853 stirpe
1027 3781 1233 3837 derivatorum
1256 3781 1428 3858 nominum

325 3879 419 3937 fuisse
448 3881 541 3940 titulis
570 3880 742 3940 ονίιιοίιιιι.2
788 3881 883 3938 Porro
910 3900 937 3942 v,
968 3898 1004 3938 ιο
1031 3899 1101 3938 cum
1140 3877 1222 3938 libri's
1251 3882 1429 3940 exhibeatur

396 4094 405 4132 1
427 4073 504 4120 Hanc
524 4074 673 4122 orationem
694 4073 871 4122 Demostheni
891 4088 919 4121 re
938 4087 999 4121 vera
1019 4071 1187 4121 tribuendam
1207 4089 1280 4133 esse,
1309 4072 1427 4121 Blassius

322 4158 341 4208 l.
365 4175 388 4210 e.
410 4176 437 4224 p.
457 4171 507 4220 412
528 4175 566 4224 sq.
588 4161 665 4210 facile
685 4161 749 4210 mihi
763 4161 902 4226 persuasit.

398 4241 467 4297 tet.
488 4247 517 4299 C.
537 4248 559 4297 1.
580 4248 615 4298 A.
635 4250 676 4308 II,
705 4261 730 4307 ι,
756 4261 802 4312 371
827 4265 851 4296 v.
872 4261 896 4311 7.
923 4275 957 4284 -
978 4246 1008 4296 C.
1028 4247 1049 4297 I.
1071 4247 1104 4296 G.
1127 4249 1206 4306 1082;
1230 4249 1291 4297 add.
1315 4258 1378 4310 1925
1398 4264 1428 4306 u;

325 4335 391 4383 2108
410 4351 441 4397 ες
462 4337 529 4386 2266
548 4338 583 4385 A.
606 4352 630 4385 v.
650 4349 692 4398 30.

1238 4426 1277 4478 2*
